<?xml version='1.0'?>
<collection xmlns='http://www.loc.gov/MARC21/slim' xmlns:xsi='http://www.w3.org/2001/XMLSchema-instance' xsi:schemaLocation='http://www.loc.gov/MARC21/slim http://www.loc.gov/standards/marcxml/schema/MARC21slim.xsd'>
  <record>
    <leader>00000cam a2200517 a 4500</leader>
      <controlfield tag='008'>870825s1980    enka          000 0 eng  </controlfield>
      <controlfield tag='001'>7419795</controlfield>
      <controlfield tag='003'>OCoLC</controlfield>
      <controlfield tag='005'>20171108122017.0</controlfield>
      <datafield ind1=' ' ind2=' ' tag='010'>
        <subfield code='a'>86160452</subfield>
      </datafield>
      <datafield ind1=' ' ind2=' ' tag='015'>
        <subfield code='a'>GB8219593</subfield>
        <subfield code='2'>bnb</subfield>
      </datafield>
      <datafield ind1=' ' ind2=' ' tag='019'>
        <subfield code='a'>18171671</subfield>
        <subfield code='a'>877053497</subfield>
      </datafield>
      <datafield ind1=' ' ind2=' ' tag='020'>
        <subfield code='a'>0906495342</subfield>
        <subfield code='q'>(pbk.)</subfield>
      </datafield>
      <datafield ind1=' ' ind2=' ' tag='020'>
        <subfield code='a'>9780906495346</subfield>
        <subfield code='q'>(pbk.)</subfield>
      </datafield>
      <datafield ind1=' ' ind2=' ' tag='020'>
        <subfield code='a'>0906495334</subfield>
      </datafield>
      <datafield ind1=' ' ind2=' ' tag='020'>
        <subfield code='a'>9780906495339</subfield>
      </datafield>
      <datafield ind1=' ' ind2=' ' tag='035'>
        <subfield code='a'>(OCoLC)7419795</subfield>
        <subfield code='z'>(OCoLC)18171671</subfield>
        <subfield code='z'>(OCoLC)877053497</subfield>
      </datafield>
      <datafield ind1=' ' ind2=' ' tag='040'>
        <subfield code='a'>DLC</subfield>
        <subfield code='b'>eng</subfield>
        <subfield code='c'>DLC</subfield>
        <subfield code='d'>BAKER</subfield>
        <subfield code='d'>BTCTA</subfield>
        <subfield code='d'>YDXCP</subfield>
        <subfield code='d'>NLE</subfield>
        <subfield code='d'>OG#</subfield>
        <subfield code='d'>OCLCO</subfield>
        <subfield code='d'>ACD</subfield>
        <subfield code='d'>OCLCF</subfield>
        <subfield code='d'>OCLCQ</subfield>
        <subfield code='d'>OCL</subfield>
        <subfield code='d'>EUN</subfield>
        <subfield code='d'>OCLCQ</subfield>
        <subfield code='d'>CSJ</subfield>
        <subfield code='d'>NOC</subfield>
      </datafield>
      <datafield ind1=' ' ind2=' ' tag='043'>
        <subfield code='a'>e-uk---</subfield>
        <subfield code='a'>n-us---</subfield>
      </datafield>
      <datafield ind1=' ' ind2=' ' tag='049'>
        <subfield code='a'>NOCC</subfield>
      </datafield>
      <datafield ind1='0' ind2='0' tag='050'>
        <subfield code='a'>N6512</subfield>
        <subfield code='b'>.F85 1982</subfield>
      </datafield>
      <datafield ind1='0' ind2='0' tag='082'>
        <subfield code='a'>709/.41</subfield>
        <subfield code='2'>19</subfield>
      </datafield>
      <datafield ind1='1' ind2=' ' tag='100'>
        <subfield code='a'>Fuller, Peter,</subfield>
        <subfield code='d'>1947-1990.</subfield>
      </datafield>
      <datafield ind1='1' ind2='0' tag='245'>
        <subfield code='a'>Beyond the crisis in art /</subfield>
        <subfield code='c'>Peter Fuller.</subfield>
      </datafield>
      <datafield ind1=' ' ind2=' ' tag='260'>
        <subfield code='a'>London :</subfield>
        <subfield code='b'>Writers and Readers Pub. Cooperative Society ;</subfield>
        <subfield code='a'>New York, N.Y. :</subfield>
        <subfield code='b'>Distributed in the U.S.A. by W.W. Norton,</subfield>
        <subfield code='c'>1980</subfield>
        <subfield code='g'>(1982 printing)</subfield>
      </datafield>
      <datafield ind1=' ' ind2=' ' tag='300'>
        <subfield code='a'>267 pages :</subfield>
        <subfield code='b'>illustrations ;</subfield>
        <subfield code='c'>22 cm.</subfield>
      </datafield>
      <datafield ind1=' ' ind2=' ' tag='336'>
        <subfield code='a'>text</subfield>
        <subfield code='b'>txt</subfield>
        <subfield code='2'>rdacontent</subfield>
      </datafield>
      <datafield ind1=' ' ind2=' ' tag='337'>
        <subfield code='a'>unmediated</subfield>
        <subfield code='b'>n</subfield>
        <subfield code='2'>rdamedia</subfield>
      </datafield>
      <datafield ind1=' ' ind2=' ' tag='338'>
        <subfield code='a'>volume</subfield>
        <subfield code='b'>nc</subfield>
        <subfield code='2'>rdacarrier</subfield>
      </datafield>
      <datafield ind1=' ' ind2=' ' tag='500'>
        <subfield code='a'>Distributor statement from label on p. [4] of cover.</subfield>
      </datafield>
      <datafield ind1='0' ind2=' ' tag='505'>
        <subfield code='a'>I. The crisis of modernism. Where was the art of the seventies -- Fine art after modernism -- II. Themes in recent American art. American painting since the last war -- Jackson Pollock -- Leon Golub -- An interview with Carl Andre -- III. The British tradition. Constable -- David Bomberg -- Leon Kossoff -- John Hoyland -- An interview with David Hockney -- An interview with Anthony Caro -- IV. Art Criticism. Problems of art criticism -- In defence of art.</subfield>
      </datafield>
      <datafield ind1=' ' ind2='7' tag='648'>
        <subfield code='a'>1900-1999</subfield>
        <subfield code='2'>fast</subfield>
      </datafield>
      <datafield ind1=' ' ind2='0' tag='650'>
        <subfield code='a'>Art, American</subfield>
        <subfield code='y'>20th century</subfield>
        <subfield code='x'>Themes, motives.</subfield>
      </datafield>
      <datafield ind1=' ' ind2='0' tag='650'>
        <subfield code='a'>Art, British</subfield>
        <subfield code='y'>20th century</subfield>
        <subfield code='x'>Themes, motives.</subfield>
      </datafield>
      <datafield ind1=' ' ind2='7' tag='650'>
        <subfield code='a'>Art, American</subfield>
        <subfield code='x'>Themes, motives.</subfield>
        <subfield code='2'>fast</subfield>
        <subfield code='0'>(OCoLC)fst00815923</subfield>
      </datafield>
      <datafield ind1=' ' ind2='7' tag='650'>
        <subfield code='a'>Art, British</subfield>
        <subfield code='x'>Themes, motives.</subfield>
        <subfield code='2'>fast</subfield>
        <subfield code='0'>(OCoLC)fst00816055</subfield>
      </datafield>
      <datafield ind1=' ' ind2='4' tag='650'>
        <subfield code='a'>Art, Modern</subfield>
        <subfield code='y'>20th century</subfield>
        <subfield code='x'>History.</subfield>
      </datafield>
      <datafield ind1='0' ind2='8' tag='776'>
        <subfield code='i'>Online version:</subfield>
        <subfield code='a'>Fuller, Peter, 1947-1990.</subfield>
        <subfield code='t'>Beyond the crisis in art.</subfield>
        <subfield code='d'>London : Writers and Readers Pub. Cooperative Society ; New York, N.Y. : Distributed in the U.S.A. by W.W. Norton, 1980 (1982 printing)</subfield>
        <subfield code='w'>(OCoLC)653384577</subfield>
      </datafield>
      <datafield ind1=' ' ind2='0' tag='830'>
        <subfield code='a'>Art series (London, England)</subfield>
      </datafield>
      <datafield ind1=' ' ind2=' ' tag='907'>
        <subfield code='a'>b8979535</subfield>
      </datafield>
      <datafield ind1='9' ind2='1' tag='999'>
        <subfield code='i'>i11493151</subfield>
        <subfield code='l'>aada</subfield>
        <subfield code='s'>-</subfield>
        <subfield code='t'>0</subfield>
        <subfield code='c'>1</subfield>
        <subfield code='o'>0</subfield>
        <subfield code='b'>00051741864</subfield>
        <subfield code='p'>05000</subfield>
        <subfield code='q'>|aN6512|b.F85 1982</subfield>
      </datafield>
      <datafield ind1='0' ind2='0' tag='999'>
        <subfield code='a'>2017-11-08 00:00:00-05</subfield>
        <subfield code='c'>2017-11-08 12:20:17-05</subfield>
        <subfield code='u'>2017-12-01 12:39:27-05</subfield>
      </datafield>
  </record>