
  <record>
    <leader>00000cas a2201453 a 4500</leader>
      <controlfield tag='008'>741009c19649999gaufr p       0   a0eng  </controlfield>
      <controlfield tag='001'>1036277</controlfield>
      <controlfield tag='003'>OCoLC</controlfield>
      <controlfield tag='005'>20111103111324.0</controlfield>
      <datafield ind1=' ' ind2=' ' tag='010'>
        <subfield code='a'>sf 83005039</subfield>
      </datafield>
      <datafield ind1='7' ind2=' ' tag='016'>
        <subfield code='a'>759065-9</subfield>
        <subfield code='2'>DE-600</subfield>
      </datafield>
      <datafield ind1='0' ind2=' ' tag='022'>
        <subfield code='a'>0038-447X</subfield>
        <subfield code='l'>0038-447X</subfield>
        <subfield code='2'>1</subfield>
      </datafield>
      <datafield ind1=' ' ind2=' ' tag='035'>
        <subfield code='a'>(OCoLC)1036277</subfield>
      </datafield>
      <datafield ind1=' ' ind2=' ' tag='037'>
        <subfield code='a'>10700</subfield>
        <subfield code='b'>NCTE</subfield>
      </datafield>
      <datafield ind1=' ' ind2=' ' tag='037'>
        <subfield code='b'>Southern Poetry Review, Dept. of Languages, Literature &amp; Philosophy, Armstrong Atlantic State University, Savannah, GA 31419</subfield>
      </datafield>
      <datafield ind1=' ' ind2=' ' tag='040'>
        <subfield code='a'>DLC</subfield>
        <subfield code='c'>OUN</subfield>
        <subfield code='d'>MUL</subfield>
        <subfield code='d'>UCU</subfield>
        <subfield code='d'>HUL</subfield>
        <subfield code='d'>DLC</subfield>
        <subfield code='d'>NST</subfield>
        <subfield code='d'>DLC</subfield>
        <subfield code='d'>AIP</subfield>
        <subfield code='d'>NSD</subfield>
        <subfield code='d'>IUL</subfield>
        <subfield code='d'>NST</subfield>
        <subfield code='d'>OCL</subfield>
        <subfield code='d'>NST</subfield>
        <subfield code='d'>HUL</subfield>
        <subfield code='d'>SYS</subfield>
        <subfield code='d'>OCLCQ</subfield>
        <subfield code='d'>DEBBG</subfield>
        <subfield code='d'>COD</subfield>
      </datafield>
      <datafield ind1=' ' ind2=' ' tag='042'>
        <subfield code='a'>pcc</subfield>
        <subfield code='a'>nsdp</subfield>
      </datafield>
      <datafield ind1=' ' ind2=' ' tag='049'>
        <subfield code='a'>NOCC</subfield>
      </datafield>
      <datafield ind1='0' ind2='0' tag='050'>
        <subfield code='a'>PS580</subfield>
        <subfield code='b'>.S66</subfield>
      </datafield>
      <datafield ind1='0' ind2='4' tag='082'>
        <subfield code='a'>811/.008</subfield>
        <subfield code='2'>19</subfield>
      </datafield>
      <datafield ind1='0' ind2=' ' tag='086'>
        <subfield code='a'>G125 708:S72 vol./no.</subfield>
        <subfield code='2'>ncdocs</subfield>
      </datafield>
      <datafield ind1='0' ind2=' ' tag='210'>
        <subfield code='a'>South. poet. rev.</subfield>
      </datafield>
      <datafield ind1=' ' ind2='0' tag='222'>
        <subfield code='a'>Southern poetry review</subfield>
      </datafield>
      <datafield ind1='0' ind2='0' tag='245'>
        <subfield code='a'>Southern poetry review</subfield>
        <subfield code='h'>[serial].</subfield>
      </datafield>
      <datafield ind1=' ' ind2=' ' tag='260'>
        <subfield code='a'>Raleigh, N.C. :</subfield>
        <subfield code='b'>Published by the editors in cooperation with the School of Liberal Arts at North Carolina State of the University of North Carolina,</subfield>
        <subfield code='c'>[1964-</subfield>
      </datafield>
      <datafield ind1='2' ind2=' ' tag='260'>
        <subfield code='3'>Spring 1978-winter 1995</subfield>
        <subfield code='a'>Charlotte, N.C. :</subfield>
        <subfield code='b'>English Dept., UNCC</subfield>
      </datafield>
      <datafield ind1='2' ind2=' ' tag='260'>
        <subfield code='3'>Summer 1996-winter 1999</subfield>
        <subfield code='a'>Charlotte, N.C. :</subfield>
        <subfield code='b'>Advancment Studies, CPCC</subfield>
      </datafield>
      <datafield ind1='2' ind2=' ' tag='260'>
        <subfield code='3'>Summer 2000-summer 2001</subfield>
        <subfield code='a'>Charlotte, N.C. :</subfield>
        <subfield code='b'>English Dept., CPCC</subfield>
      </datafield>
      <datafield ind1='3' ind2=' ' tag='260'>
        <subfield code='3'>Fall/Winter 2002-</subfield>
        <subfield code='a'>Savannah, GA :</subfield>
        <subfield code='b'>Dept. of Languages, Literature &amp; Philosophy, Armstrong Atlantic State University</subfield>
      </datafield>
      <datafield ind1=' ' ind2=' ' tag='300'>
        <subfield code='a'>v. ;</subfield>
        <subfield code='c'>22-23 cm.</subfield>
      </datafield>
      <datafield ind1=' ' ind2=' ' tag='310'>
        <subfield code='a'>Semiannual</subfield>
      </datafield>
      <datafield ind1='0' ind2=' ' tag='362'>
        <subfield code='a'>Vol. 5, no. 1 (fall 1964)-</subfield>
      </datafield>
      <datafield ind1=' ' ind2=' ' tag='500'>
        <subfield code='a'>Some volumes have a special issue.</subfield>
      </datafield>
      <datafield ind1=' ' ind2=' ' tag='500'>
        <subfield code='a'>Imprint varies.</subfield>
      </datafield>
      <datafield ind1=' ' ind2=' ' tag='500'>
        <subfield code='a'>Editor: Guy Owen, 1964-1977; Robert Waters Grey, 1977-1990; Lucinda Grey and Ken McLaurin, with Robert Grey, consulting editor, 1991-1993; Ken McLaurin with Lucinda Grey, consulting editor, 1994-1996; Ken McLaurin, 1996-2001; Robert Parham, 2002-</subfield>
      </datafield>
      <datafield ind1=' ' ind2=' ' tag='515'>
        <subfield code='a'>With v. 13, no. 3 (fall 1973) volumes changed from academic year to calendar year numbering.</subfield>
      </datafield>
      <datafield ind1=' ' ind2=' ' tag='515'>
        <subfield code='a'>Fall 1982 issue called v. 23, no. 2 but constitutes v. 22, no. 2.</subfield>
      </datafield>
      <datafield ind1=' ' ind2=' ' tag='515'>
        <subfield code='a'>Chronological designations dropped with 43:2.</subfield>
      </datafield>
      <datafield ind1=' ' ind2=' ' tag='588'>
        <subfield code='a'>Description based on: Vol. 5, no. 1 (fall 1964).</subfield>
      </datafield>
      <datafield ind1=' ' ind2=' ' tag='588'>
        <subfield code='a'>Latest issue consulted: 48:2.</subfield>
      </datafield>
      <datafield ind1='2' ind2='0' tag='610'>
        <subfield code='a'>North Carolina State University</subfield>
        <subfield code='v'>Periodicals.</subfield>
      </datafield>
      <datafield ind1='2' ind2='0' tag='610'>
        <subfield code='a'>University of North Carolina at Charlotte</subfield>
        <subfield code='v'>Periodicals.</subfield>
      </datafield>
      <datafield ind1=' ' ind2='0' tag='650'>
        <subfield code='a'>American poetry</subfield>
        <subfield code='y'>20th century</subfield>
        <subfield code='v'>Periodicals.</subfield>
      </datafield>
      <datafield ind1='1' ind2=' ' tag='700'>
        <subfield code='a'>Owen, Guy,</subfield>
        <subfield code='d'>1925-1981.</subfield>
      </datafield>
      <datafield ind1='1' ind2=' ' tag='700'>
        <subfield code='a'>Grey, Robert Waters.</subfield>
      </datafield>
      <datafield ind1='1' ind2=' ' tag='700'>
        <subfield code='a'>Grey, Lucinda.</subfield>
      </datafield>
      <datafield ind1='1' ind2=' ' tag='700'>
        <subfield code='a'>McLaurin, Ken.</subfield>
      </datafield>
      <datafield ind1='1' ind2=' ' tag='700'>
        <subfield code='a'>Parham, Robert.</subfield>
      </datafield>
      <datafield ind1='2' ind2=' ' tag='710'>
        <subfield code='a'>North Carolina State University.</subfield>
        <subfield code='b'>School of Liberal Arts.</subfield>
      </datafield>
      <datafield ind1='2' ind2=' ' tag='710'>
        <subfield code='a'>University of North Carolina at Charlotte.</subfield>
        <subfield code='b'>Department of English.</subfield>
      </datafield>
      <datafield ind1='2' ind2=' ' tag='710'>
        <subfield code='a'>Central Piedmont Community College (Charlotte, N.C.).</subfield>
        <subfield code='b'>Advancement Studies.</subfield>
      </datafield>
      <datafield ind1='2' ind2=' ' tag='710'>
        <subfield code='a'>Central Piedmont Community College (Charlotte, N.C.).</subfield>
        <subfield code='b'>English Department.</subfield>
      </datafield>
      <datafield ind1='2' ind2=' ' tag='710'>
        <subfield code='a'>Armstrong Atlantic State University.</subfield>
      </datafield>
      <datafield ind1='0' ind2='8' tag='776'>
        <subfield code='i'>Online version:</subfield>
        <subfield code='t'>Southern poetry review</subfield>
        <subfield code='w'>(OCoLC)646975869</subfield>
      </datafield>
      <datafield ind1='0' ind2='0' tag='780'>
        <subfield code='t'>Impetus (De Land, Fla.)</subfield>
        <subfield code='w'>(DLC)sn 86025684</subfield>
        <subfield code='w'>(OCoLC)3299848</subfield>
      </datafield>
      <datafield ind1='2' ind2=' ' tag='791'>
        <subfield code='a'>Hill BP Fund.</subfield>
      </datafield>
      <datafield ind1=' ' ind2=' ' tag='907'>
        <subfield code='a'>b1225829</subfield>
      </datafield>
      <datafield ind1='9' ind2='1' tag='999'>
        <subfield code='i'>i1395943</subfield>
        <subfield code='l'>dhca</subfield>
        <subfield code='s'>o</subfield>
        <subfield code='t'>3</subfield>
        <subfield code='c'>1</subfield>
        <subfield code='o'>0</subfield>
        <subfield code='b'>00043738063</subfield>
        <subfield code='p'>090##</subfield>
        <subfield code='q'>|aPS580|b.S66</subfield>
        <subfield code='v'>v.6(1965-1966)</subfield>
      </datafield>
      <datafield ind1='9' ind2='1' tag='999'>
        <subfield code='i'>i1395944</subfield>
        <subfield code='l'>dhca</subfield>
        <subfield code='s'>o</subfield>
        <subfield code='t'>3</subfield>
        <subfield code='c'>1</subfield>
        <subfield code='o'>0</subfield>
        <subfield code='b'>00043738072</subfield>
        <subfield code='p'>090##</subfield>
        <subfield code='q'>|aPS580|b.S66</subfield>
        <subfield code='v'>v.7(1966)</subfield>
      </datafield>
      <datafield ind1='9' ind2='1' tag='999'>
        <subfield code='i'>i9527187</subfield>
        <subfield code='l'>dhca</subfield>
        <subfield code='s'>o</subfield>
        <subfield code='t'>3</subfield>
        <subfield code='c'>1</subfield>
        <subfield code='o'>0</subfield>
        <subfield code='b'>00043738090</subfield>
        <subfield code='p'>090##</subfield>
        <subfield code='q'>|aPS580|b.S66</subfield>
        <subfield code='v'>v.9(1968-1969)</subfield>
      </datafield>
      <datafield ind1='9' ind2='1' tag='999'>
        <subfield code='i'>i9527188</subfield>
        <subfield code='l'>dhca</subfield>
        <subfield code='s'>o</subfield>
        <subfield code='t'>3</subfield>
        <subfield code='c'>1</subfield>
        <subfield code='o'>0</subfield>
        <subfield code='b'>00043738107</subfield>
        <subfield code='p'>090##</subfield>
        <subfield code='q'>|aPS580|b.S66</subfield>
        <subfield code='v'>v.10:no.1(1969)</subfield>
      </datafield>
      <datafield ind1='9' ind2='1' tag='999'>
        <subfield code='i'>i2457110</subfield>
        <subfield code='l'>ddda</subfield>
        <subfield code='s'>-</subfield>
        <subfield code='t'>0</subfield>
        <subfield code='c'>1</subfield>
        <subfield code='o'>0</subfield>
        <subfield code='b'>00002589452</subfield>
        <subfield code='p'>090##</subfield>
        <subfield code='q'>|aPS580 .S66 v. 11 1970/1971</subfield>
        <subfield code='v'>v.11(1970/1971)</subfield>
      </datafield>
      <datafield ind1='9' ind2='1' tag='999'>
        <subfield code='i'>i9527189</subfield>
        <subfield code='l'>dhca</subfield>
        <subfield code='s'>o</subfield>
        <subfield code='t'>3</subfield>
        <subfield code='c'>1</subfield>
        <subfield code='o'>0</subfield>
        <subfield code='b'>00043738116</subfield>
        <subfield code='p'>090##</subfield>
        <subfield code='q'>|aPS580|b.S66</subfield>
        <subfield code='v'>v.12(1971-1972)</subfield>
        <subfield code='n'>w/special issue</subfield>
      </datafield>
      <datafield ind1='9' ind2='1' tag='999'>
        <subfield code='i'>i9527190</subfield>
        <subfield code='l'>dhca</subfield>
        <subfield code='s'>o</subfield>
        <subfield code='t'>3</subfield>
        <subfield code='c'>1</subfield>
        <subfield code='o'>0</subfield>
        <subfield code='b'>00043738125</subfield>
        <subfield code='p'>090##</subfield>
        <subfield code='q'>|aPS580|b.S66</subfield>
        <subfield code='v'>v.13(1972-1973)</subfield>
      </datafield>
      <datafield ind1='9' ind2='1' tag='999'>
        <subfield code='i'>i9527191</subfield>
        <subfield code='l'>dhca</subfield>
        <subfield code='s'>o</subfield>
        <subfield code='t'>3</subfield>
        <subfield code='c'>1</subfield>
        <subfield code='o'>0</subfield>
        <subfield code='b'>00043738134</subfield>
        <subfield code='p'>090##</subfield>
        <subfield code='q'>|aPS580|b.S66</subfield>
        <subfield code='v'>v.14(1974)</subfield>
      </datafield>
      <datafield ind1='9' ind2='1' tag='999'>
        <subfield code='i'>i1544615</subfield>
        <subfield code='l'>ddda</subfield>
        <subfield code='s'>-</subfield>
        <subfield code='t'>0</subfield>
        <subfield code='c'>1</subfield>
        <subfield code='o'>0</subfield>
        <subfield code='b'>00002589345</subfield>
        <subfield code='p'>090##</subfield>
        <subfield code='q'>|aPS580 .S66 v.15 1975</subfield>
        <subfield code='v'>v.15(1975)</subfield>
      </datafield>
      <datafield ind1='9' ind2='1' tag='999'>
        <subfield code='i'>i2059884</subfield>
        <subfield code='l'>ddda</subfield>
        <subfield code='s'>-</subfield>
        <subfield code='t'>0</subfield>
        <subfield code='c'>1</subfield>
        <subfield code='o'>3</subfield>
        <subfield code='b'>00002589381</subfield>
        <subfield code='p'>090##</subfield>
        <subfield code='q'>|aPS580 .S66 v.16 1976/1977</subfield>
        <subfield code='v'>v.16(1976/1977)</subfield>
      </datafield>
      <datafield ind1='9' ind2='1' tag='999'>
        <subfield code='i'>i9527192</subfield>
        <subfield code='l'>dhca</subfield>
        <subfield code='s'>o</subfield>
        <subfield code='t'>3</subfield>
        <subfield code='c'>1</subfield>
        <subfield code='o'>0</subfield>
        <subfield code='b'>00043738143</subfield>
        <subfield code='p'>090##</subfield>
        <subfield code='q'>|aPS580|b.S66</subfield>
        <subfield code='v'>v.17(1977)</subfield>
      </datafield>
      <datafield ind1='9' ind2='1' tag='999'>
        <subfield code='i'>i9527193</subfield>
        <subfield code='l'>dhca</subfield>
        <subfield code='s'>o</subfield>
        <subfield code='t'>3</subfield>
        <subfield code='c'>1</subfield>
        <subfield code='o'>0</subfield>
        <subfield code='b'>00043738152</subfield>
        <subfield code='p'>090##</subfield>
        <subfield code='q'>|aPS580|b.S66</subfield>
        <subfield code='v'>v.18(1978)</subfield>
      </datafield>
      <datafield ind1='9' ind2='1' tag='999'>
        <subfield code='i'>i9527194</subfield>
        <subfield code='l'>dhca</subfield>
        <subfield code='s'>o</subfield>
        <subfield code='t'>3</subfield>
        <subfield code='c'>1</subfield>
        <subfield code='o'>0</subfield>
        <subfield code='b'>00043738161</subfield>
        <subfield code='p'>090##</subfield>
        <subfield code='q'>|aPS580|b.S66</subfield>
        <subfield code='v'>v.19(1979)</subfield>
      </datafield>
      <datafield ind1='9' ind2='1' tag='999'>
        <subfield code='i'>i9527195</subfield>
        <subfield code='l'>dhca</subfield>
        <subfield code='s'>o</subfield>
        <subfield code='t'>3</subfield>
        <subfield code='c'>1</subfield>
        <subfield code='o'>0</subfield>
        <subfield code='b'>00043738287</subfield>
        <subfield code='p'>090##</subfield>
        <subfield code='q'>|aPS580|b.S66</subfield>
        <subfield code='v'>v.20(1980)</subfield>
      </datafield>
      <datafield ind1='9' ind2='1' tag='999'>
        <subfield code='i'>i9527196</subfield>
        <subfield code='l'>dhca</subfield>
        <subfield code='s'>o</subfield>
        <subfield code='t'>3</subfield>
        <subfield code='c'>1</subfield>
        <subfield code='o'>0</subfield>
        <subfield code='b'>00043738278</subfield>
        <subfield code='p'>090##</subfield>
        <subfield code='q'>|aPS580|b.S66</subfield>
        <subfield code='v'>v.21(1981)</subfield>
      </datafield>
      <datafield ind1='9' ind2='1' tag='999'>
        <subfield code='i'>i9527197</subfield>
        <subfield code='l'>dhca</subfield>
        <subfield code='s'>o</subfield>
        <subfield code='t'>3</subfield>
        <subfield code='c'>1</subfield>
        <subfield code='o'>0</subfield>
        <subfield code='b'>00043738269</subfield>
        <subfield code='p'>090##</subfield>
        <subfield code='q'>|aPS580|b.S66</subfield>
        <subfield code='v'>v.22(1982)</subfield>
      </datafield>
      <datafield ind1='9' ind2='1' tag='999'>
        <subfield code='i'>i9527198</subfield>
        <subfield code='l'>dhca</subfield>
        <subfield code='s'>o</subfield>
        <subfield code='t'>3</subfield>
        <subfield code='c'>1</subfield>
        <subfield code='o'>0</subfield>
        <subfield code='b'>00043738250</subfield>
        <subfield code='p'>090##</subfield>
        <subfield code='q'>|aPS580|b.S66</subfield>
        <subfield code='v'>v.23(1983)</subfield>
      </datafield>
      <datafield ind1='9' ind2='1' tag='999'>
        <subfield code='i'>i9527199</subfield>
        <subfield code='l'>dhca</subfield>
        <subfield code='s'>o</subfield>
        <subfield code='t'>3</subfield>
        <subfield code='c'>1</subfield>
        <subfield code='o'>0</subfield>
        <subfield code='b'>00043738241</subfield>
        <subfield code='p'>090##</subfield>
        <subfield code='q'>|aPS580|b.S66</subfield>
        <subfield code='v'>v.24(1984)</subfield>
      </datafield>
      <datafield ind1='9' ind2='1' tag='999'>
        <subfield code='i'>i9527200</subfield>
        <subfield code='l'>dhca</subfield>
        <subfield code='s'>o</subfield>
        <subfield code='t'>3</subfield>
        <subfield code='c'>1</subfield>
        <subfield code='o'>0</subfield>
        <subfield code='b'>00043738232</subfield>
        <subfield code='p'>090##</subfield>
        <subfield code='q'>|aPS580|b.S66</subfield>
        <subfield code='v'>v.25(1985)</subfield>
      </datafield>
      <datafield ind1='9' ind2='1' tag='999'>
        <subfield code='i'>i9527201</subfield>
        <subfield code='l'>dhca</subfield>
        <subfield code='s'>o</subfield>
        <subfield code='t'>3</subfield>
        <subfield code='c'>1</subfield>
        <subfield code='o'>0</subfield>
        <subfield code='b'>00043738223</subfield>
        <subfield code='p'>090##</subfield>
        <subfield code='q'>|aPS580|b.S66</subfield>
        <subfield code='v'>v.26(1986)</subfield>
      </datafield>
      <datafield ind1='9' ind2='1' tag='999'>
        <subfield code='i'>i9527202</subfield>
        <subfield code='l'>dhca</subfield>
        <subfield code='s'>o</subfield>
        <subfield code='t'>3</subfield>
        <subfield code='c'>1</subfield>
        <subfield code='o'>0</subfield>
        <subfield code='b'>00043738214</subfield>
        <subfield code='p'>090##</subfield>
        <subfield code='q'>|aPS580|b.S66</subfield>
        <subfield code='v'>v.27(1987)</subfield>
      </datafield>
      <datafield ind1='9' ind2='1' tag='999'>
        <subfield code='i'>i9527203</subfield>
        <subfield code='l'>dhca</subfield>
        <subfield code='s'>o</subfield>
        <subfield code='t'>3</subfield>
        <subfield code='c'>1</subfield>
        <subfield code='o'>0</subfield>
        <subfield code='b'>00043738205</subfield>
        <subfield code='p'>090##</subfield>
        <subfield code='q'>|aPS580|b.S66</subfield>
        <subfield code='v'>v.28(1988)</subfield>
      </datafield>
      <datafield ind1='9' ind2='1' tag='999'>
        <subfield code='i'>i9527204</subfield>
        <subfield code='l'>dhca</subfield>
        <subfield code='s'>o</subfield>
        <subfield code='t'>3</subfield>
        <subfield code='c'>1</subfield>
        <subfield code='o'>0</subfield>
        <subfield code='b'>00043738198</subfield>
        <subfield code='p'>090##</subfield>
        <subfield code='q'>|aPS580|b.S66</subfield>
        <subfield code='v'>v.29(1989)</subfield>
      </datafield>
      <datafield ind1='9' ind2='1' tag='999'>
        <subfield code='i'>i9527205</subfield>
        <subfield code='l'>dhca</subfield>
        <subfield code='s'>o</subfield>
        <subfield code='t'>3</subfield>
        <subfield code='c'>1</subfield>
        <subfield code='o'>0</subfield>
        <subfield code='b'>00043738189</subfield>
        <subfield code='p'>090##</subfield>
        <subfield code='q'>|aPS580|b.S66</subfield>
        <subfield code='v'>v.30(1990)</subfield>
      </datafield>
      <datafield ind1='9' ind2='1' tag='999'>
        <subfield code='i'>i9527206</subfield>
        <subfield code='l'>dhca</subfield>
        <subfield code='s'>o</subfield>
        <subfield code='t'>3</subfield>
        <subfield code='c'>1</subfield>
        <subfield code='o'>0</subfield>
        <subfield code='b'>00043738170</subfield>
        <subfield code='p'>090##</subfield>
        <subfield code='q'>|aPS580|b.S66</subfield>
        <subfield code='v'>v.31(1991)</subfield>
      </datafield>
      <datafield ind1='9' ind2='1' tag='999'>
        <subfield code='i'>i9527207</subfield>
        <subfield code='l'>dhca</subfield>
        <subfield code='s'>o</subfield>
        <subfield code='t'>3</subfield>
        <subfield code='c'>1</subfield>
        <subfield code='o'>0</subfield>
        <subfield code='b'>00043738296</subfield>
        <subfield code='p'>090##</subfield>
        <subfield code='q'>|aPS580|b.S66</subfield>
        <subfield code='v'>v.32(1992)</subfield>
      </datafield>
      <datafield ind1='9' ind2='1' tag='999'>
        <subfield code='i'>i9527208</subfield>
        <subfield code='l'>dhca</subfield>
        <subfield code='s'>o</subfield>
        <subfield code='t'>3</subfield>
        <subfield code='c'>1</subfield>
        <subfield code='o'>0</subfield>
        <subfield code='b'>00043738303</subfield>
        <subfield code='p'>090##</subfield>
        <subfield code='q'>|aPS580|b.S66</subfield>
        <subfield code='v'>v.33(1993)</subfield>
      </datafield>
      <datafield ind1='9' ind2='1' tag='999'>
        <subfield code='i'>i9527209</subfield>
        <subfield code='l'>dhca</subfield>
        <subfield code='s'>o</subfield>
        <subfield code='t'>3</subfield>
        <subfield code='c'>1</subfield>
        <subfield code='o'>0</subfield>
        <subfield code='b'>00043738312</subfield>
        <subfield code='p'>090##</subfield>
        <subfield code='q'>|aPS580|b.S66</subfield>
        <subfield code='v'>v.34(1994)</subfield>
      </datafield>
      <datafield ind1='9' ind2='1' tag='999'>
        <subfield code='i'>i9527210</subfield>
        <subfield code='l'>dhca</subfield>
        <subfield code='s'>o</subfield>
        <subfield code='t'>3</subfield>
        <subfield code='c'>1</subfield>
        <subfield code='o'>0</subfield>
        <subfield code='b'>00043738321</subfield>
        <subfield code='p'>090##</subfield>
        <subfield code='q'>|aPS580|b.S66</subfield>
        <subfield code='v'>v.35(1995)</subfield>
      </datafield>
      <datafield ind1='9' ind2='1' tag='999'>
        <subfield code='i'>i9527211</subfield>
        <subfield code='l'>dhca</subfield>
        <subfield code='s'>o</subfield>
        <subfield code='t'>3</subfield>
        <subfield code='c'>1</subfield>
        <subfield code='o'>0</subfield>
        <subfield code='b'>00043738330</subfield>
        <subfield code='p'>090##</subfield>
        <subfield code='q'>|aPS580|b.S66</subfield>
        <subfield code='v'>v.36(1996)</subfield>
      </datafield>
      <datafield ind1='9' ind2='1' tag='999'>
        <subfield code='i'>i9527212</subfield>
        <subfield code='l'>dhca</subfield>
        <subfield code='s'>o</subfield>
        <subfield code='t'>3</subfield>
        <subfield code='c'>1</subfield>
        <subfield code='o'>0</subfield>
        <subfield code='b'>00043738349</subfield>
        <subfield code='p'>090##</subfield>
        <subfield code='q'>|aPS580|b.S66</subfield>
        <subfield code='v'>v.37(1997)</subfield>
      </datafield>
      <datafield ind1='9' ind2='1' tag='999'>
        <subfield code='i'>i9527213</subfield>
        <subfield code='l'>dhca</subfield>
        <subfield code='s'>o</subfield>
        <subfield code='t'>3</subfield>
        <subfield code='c'>1</subfield>
        <subfield code='o'>0</subfield>
        <subfield code='b'>00043738358</subfield>
        <subfield code='p'>090##</subfield>
        <subfield code='q'>|aPS580|b.S66</subfield>
        <subfield code='v'>v.38(1998)</subfield>
      </datafield>
      <datafield ind1='9' ind2='1' tag='999'>
        <subfield code='i'>i9527214</subfield>
        <subfield code='l'>dhca</subfield>
        <subfield code='s'>o</subfield>
        <subfield code='t'>3</subfield>
        <subfield code='c'>1</subfield>
        <subfield code='o'>0</subfield>
        <subfield code='b'>00043738367</subfield>
        <subfield code='p'>090##</subfield>
        <subfield code='q'>|aPS580|b.S66</subfield>
        <subfield code='v'>v.39(1999)</subfield>
      </datafield>
      <datafield ind1='9' ind2='1' tag='999'>
        <subfield code='i'>i9527215</subfield>
        <subfield code='l'>dhca</subfield>
        <subfield code='s'>o</subfield>
        <subfield code='t'>3</subfield>
        <subfield code='c'>1</subfield>
        <subfield code='o'>0</subfield>
        <subfield code='b'>00043738376</subfield>
        <subfield code='p'>090##</subfield>
        <subfield code='q'>|aPS580|b.S66</subfield>
        <subfield code='v'>v.40(2000)</subfield>
      </datafield>
      <datafield ind1='9' ind2='1' tag='999'>
        <subfield code='i'>i9527216</subfield>
        <subfield code='l'>dhca</subfield>
        <subfield code='s'>o</subfield>
        <subfield code='t'>3</subfield>
        <subfield code='c'>1</subfield>
        <subfield code='o'>0</subfield>
        <subfield code='b'>00043738385</subfield>
        <subfield code='p'>090##</subfield>
        <subfield code='q'>|aPS580|b.S66</subfield>
        <subfield code='v'>v.41(2001-2002)</subfield>
      </datafield>
      <datafield ind1='9' ind2='1' tag='999'>
        <subfield code='i'>i9527217</subfield>
        <subfield code='l'>dhca</subfield>
        <subfield code='s'>o</subfield>
        <subfield code='t'>3</subfield>
        <subfield code='c'>1</subfield>
        <subfield code='o'>0</subfield>
        <subfield code='b'>00043738394</subfield>
        <subfield code='p'>090##</subfield>
        <subfield code='q'>|aPS580|b.S66</subfield>
        <subfield code='v'>v.42(2003)</subfield>
      </datafield>
      <datafield ind1='9' ind2='1' tag='999'>
        <subfield code='i'>i1395945</subfield>
        <subfield code='l'>dhca</subfield>
        <subfield code='s'>o</subfield>
        <subfield code='t'>3</subfield>
        <subfield code='c'>1</subfield>
        <subfield code='o'>0</subfield>
        <subfield code='b'>00043738081</subfield>
        <subfield code='p'>090##</subfield>
        <subfield code='q'>|aPS580|b.S66</subfield>
        <subfield code='v'>v.43(2004)</subfield>
      </datafield>
      <datafield ind1='9' ind2='1' tag='999'>
        <subfield code='i'>i6757453</subfield>
        <subfield code='l'>dhca</subfield>
        <subfield code='s'>o</subfield>
        <subfield code='t'>3</subfield>
        <subfield code='c'>1</subfield>
        <subfield code='o'>0</subfield>
        <subfield code='b'>00028018546</subfield>
        <subfield code='p'>090##</subfield>
        <subfield code='q'>|aPS580|b.S66</subfield>
        <subfield code='v'>v.44(2005)</subfield>
      </datafield>
      <datafield ind1='9' ind2='1' tag='999'>
        <subfield code='i'>i7481854</subfield>
        <subfield code='l'>dhca</subfield>
        <subfield code='s'>o</subfield>
        <subfield code='t'>3</subfield>
        <subfield code='c'>1</subfield>
        <subfield code='o'>0</subfield>
        <subfield code='b'>00031994548</subfield>
        <subfield code='p'>090##</subfield>
        <subfield code='q'>|aPS580|b.S66</subfield>
        <subfield code='v'>45</subfield>
      </datafield>
      <datafield ind1='9' ind2='1' tag='999'>
        <subfield code='i'>i7827682</subfield>
        <subfield code='l'>dhca</subfield>
        <subfield code='s'>o</subfield>
        <subfield code='t'>3</subfield>
        <subfield code='c'>1</subfield>
        <subfield code='o'>0</subfield>
        <subfield code='b'>00034080752</subfield>
        <subfield code='p'>090##</subfield>
        <subfield code='q'>|aPS580|b.S66</subfield>
        <subfield code='v'>46</subfield>
      </datafield>
      <datafield ind1='9' ind2='1' tag='999'>
        <subfield code='i'>i8444908</subfield>
        <subfield code='l'>dhca</subfield>
        <subfield code='s'>o</subfield>
        <subfield code='t'>3</subfield>
        <subfield code='c'>1</subfield>
        <subfield code='o'>0</subfield>
        <subfield code='b'>00038472759</subfield>
        <subfield code='p'>090##</subfield>
        <subfield code='q'>|aPS580|b.S66</subfield>
        <subfield code='v'>47</subfield>
      </datafield>
      <datafield ind1='9' ind2='1' tag='999'>
        <subfield code='i'>i9237087</subfield>
        <subfield code='l'>dhca</subfield>
        <subfield code='s'>o</subfield>
        <subfield code='t'>3</subfield>
        <subfield code='c'>1</subfield>
        <subfield code='o'>0</subfield>
        <subfield code='b'>00041968861</subfield>
        <subfield code='p'>090##</subfield>
        <subfield code='q'>|aPS580|b.S66</subfield>
        <subfield code='v'>48</subfield>
      </datafield>
      <datafield ind1='9' ind2='1' tag='999'>
        <subfield code='i'>i9814313</subfield>
        <subfield code='l'>dhca</subfield>
        <subfield code='s'>o</subfield>
        <subfield code='t'>3</subfield>
        <subfield code='c'>1</subfield>
        <subfield code='o'>0</subfield>
        <subfield code='b'>00045537748</subfield>
        <subfield code='p'>090##</subfield>
        <subfield code='q'>|aPS580|b.S66</subfield>
        <subfield code='v'>49</subfield>
      </datafield>
      <datafield ind1='9' ind2='1' tag='999'>
        <subfield code='i'>i10133548</subfield>
        <subfield code='l'>dhca</subfield>
        <subfield code='s'>o</subfield>
        <subfield code='t'>3</subfield>
        <subfield code='c'>1</subfield>
        <subfield code='o'>0</subfield>
        <subfield code='b'>00047312745</subfield>
        <subfield code='p'>090##</subfield>
        <subfield code='q'>|aPS580|b.S66</subfield>
        <subfield code='v'>50</subfield>
      </datafield>
      <datafield ind1='9' ind2='1' tag='999'>
        <subfield code='i'>i10426846</subfield>
        <subfield code='l'>dhca</subfield>
        <subfield code='s'>o</subfield>
        <subfield code='t'>3</subfield>
        <subfield code='c'>1</subfield>
        <subfield code='o'>0</subfield>
        <subfield code='b'>00048122752</subfield>
        <subfield code='p'>090##</subfield>
        <subfield code='q'>|aPS580|b.S66</subfield>
        <subfield code='v'>51</subfield>
      </datafield>
      <datafield ind1='9' ind2='1' tag='999'>
        <subfield code='i'>i10847234</subfield>
        <subfield code='l'>dhca</subfield>
        <subfield code='s'>o</subfield>
        <subfield code='t'>3</subfield>
        <subfield code='c'>1</subfield>
        <subfield code='o'>0</subfield>
        <subfield code='b'>00049374256</subfield>
        <subfield code='p'>090##</subfield>
        <subfield code='q'>|aPS580|b.S66</subfield>
        <subfield code='v'>52</subfield>
      </datafield>
      <datafield ind1='9' ind2='1' tag='999'>
        <subfield code='i'>i11086009</subfield>
        <subfield code='l'>dhca</subfield>
        <subfield code='s'>o</subfield>
        <subfield code='t'>3</subfield>
        <subfield code='c'>1</subfield>
        <subfield code='o'>0</subfield>
        <subfield code='b'>00050501036</subfield>
        <subfield code='p'>090##</subfield>
        <subfield code='q'>|aPS580|b.S66</subfield>
        <subfield code='v'>53</subfield>
      </datafield>
      <datafield ind1='9' ind2='1' tag='999'>
        <subfield code='i'>i1395942</subfield>
        <subfield code='l'>wbda</subfield>
        <subfield code='s'>o</subfield>
        <subfield code='t'>2</subfield>
        <subfield code='c'>1</subfield>
        <subfield code='o'>0</subfield>
        <subfield code='b'>00045855270</subfield>
        <subfield code='p'>099#9</subfield>
        <subfield code='q'>|aC378 A27J7 1964-</subfield>
        <subfield code='v'>v.5-8(1964/1965-1967/1968)</subfield>
      </datafield>
      <datafield ind1='9' ind2='1' tag='999'>
        <subfield code='i'>i1395946</subfield>
        <subfield code='l'>wbda</subfield>
        <subfield code='s'>o</subfield>
        <subfield code='t'>2</subfield>
        <subfield code='c'>1</subfield>
        <subfield code='o'>0</subfield>
        <subfield code='b'>00045855289</subfield>
        <subfield code='p'>099#9</subfield>
        <subfield code='q'>|aC378 A27J7 1964-</subfield>
        <subfield code='v'>v.9-11(1968/1969-1970/1971)</subfield>
      </datafield>
      <datafield ind1='9' ind2='1' tag='999'>
        <subfield code='i'>i1395947</subfield>
        <subfield code='l'>wbda</subfield>
        <subfield code='s'>o</subfield>
        <subfield code='t'>2</subfield>
        <subfield code='c'>1</subfield>
        <subfield code='o'>0</subfield>
        <subfield code='b'>00045855298</subfield>
        <subfield code='p'>099#9</subfield>
        <subfield code='q'>|aC378 A27J7 1964-</subfield>
        <subfield code='v'>v.12-13(1971/1972-1972/1973)</subfield>
      </datafield>
      <datafield ind1='9' ind2='1' tag='999'>
        <subfield code='i'>i1395948</subfield>
        <subfield code='l'>wbda</subfield>
        <subfield code='s'>o</subfield>
        <subfield code='t'>2</subfield>
        <subfield code='c'>1</subfield>
        <subfield code='o'>0</subfield>
        <subfield code='b'>00045855305</subfield>
        <subfield code='p'>099#9</subfield>
        <subfield code='q'>|aC378 A27J7 1964-</subfield>
        <subfield code='v'>v.13(1973)</subfield>
        <subfield code='n'>Special issue</subfield>
      </datafield>
      <datafield ind1='9' ind2='1' tag='999'>
        <subfield code='i'>i1395949</subfield>
        <subfield code='l'>wbda</subfield>
        <subfield code='s'>o</subfield>
        <subfield code='t'>2</subfield>
        <subfield code='c'>1</subfield>
        <subfield code='o'>0</subfield>
        <subfield code='b'>00045855314</subfield>
        <subfield code='p'>099#9</subfield>
        <subfield code='q'>|aC378 A27J7 1964-</subfield>
        <subfield code='v'>v.14-17(1974-1977)</subfield>
      </datafield>
      <datafield ind1='9' ind2='1' tag='999'>
        <subfield code='i'>i1395950</subfield>
        <subfield code='l'>wbda</subfield>
        <subfield code='s'>o</subfield>
        <subfield code='t'>2</subfield>
        <subfield code='c'>1</subfield>
        <subfield code='o'>0</subfield>
        <subfield code='b'>00045855323</subfield>
        <subfield code='p'>099#9</subfield>
        <subfield code='q'>|aC378 A27J7 1964-</subfield>
        <subfield code='v'>v.18-20(1978-1980)</subfield>
      </datafield>
      <datafield ind1='9' ind2='1' tag='999'>
        <subfield code='i'>i1395951</subfield>
        <subfield code='l'>wbda</subfield>
        <subfield code='s'>o</subfield>
        <subfield code='t'>2</subfield>
        <subfield code='c'>1</subfield>
        <subfield code='o'>0</subfield>
        <subfield code='b'>00045855332</subfield>
        <subfield code='p'>099#9</subfield>
        <subfield code='q'>|aC378 A27J7 1964-</subfield>
        <subfield code='v'>v.21-23(1981-1983)</subfield>
      </datafield>
      <datafield ind1='9' ind2='1' tag='999'>
        <subfield code='i'>i1395952</subfield>
        <subfield code='l'>wbda</subfield>
        <subfield code='s'>o</subfield>
        <subfield code='t'>2</subfield>
        <subfield code='c'>1</subfield>
        <subfield code='o'>0</subfield>
        <subfield code='b'>00045855341</subfield>
        <subfield code='p'>099#9</subfield>
        <subfield code='q'>|aC378 A27J7 1964-</subfield>
        <subfield code='v'>v.24-26(1984-1986)</subfield>
      </datafield>
      <datafield ind1='9' ind2='1' tag='999'>
        <subfield code='i'>i1395953</subfield>
        <subfield code='l'>wbda</subfield>
        <subfield code='s'>o</subfield>
        <subfield code='t'>2</subfield>
        <subfield code='c'>1</subfield>
        <subfield code='o'>0</subfield>
        <subfield code='b'>00045855350</subfield>
        <subfield code='p'>099#9</subfield>
        <subfield code='q'>|aC378 A27J7 1964-</subfield>
        <subfield code='v'>v.27-29(1987-1989)</subfield>
      </datafield>
      <datafield ind1='9' ind2='1' tag='999'>
        <subfield code='i'>i1395954</subfield>
        <subfield code='l'>wbda</subfield>
        <subfield code='s'>o</subfield>
        <subfield code='t'>2</subfield>
        <subfield code='c'>1</subfield>
        <subfield code='o'>0</subfield>
        <subfield code='b'>00045855369</subfield>
        <subfield code='p'>099#9</subfield>
        <subfield code='q'>|aC378 A27J7 1964-</subfield>
        <subfield code='v'>v.30-32(1990-1992)</subfield>
      </datafield>
      <datafield ind1='9' ind2='1' tag='999'>
        <subfield code='i'>i1395955</subfield>
        <subfield code='l'>wbda</subfield>
        <subfield code='s'>o</subfield>
        <subfield code='t'>2</subfield>
        <subfield code='c'>1</subfield>
        <subfield code='o'>0</subfield>
        <subfield code='b'>00045855378</subfield>
        <subfield code='p'>099#9</subfield>
        <subfield code='q'>|aC378 A27J7 1964-</subfield>
        <subfield code='v'>v.33-35(1993-1995)</subfield>
      </datafield>
      <datafield ind1='9' ind2='1' tag='999'>
        <subfield code='i'>i1395956</subfield>
        <subfield code='l'>wbda</subfield>
        <subfield code='s'>o</subfield>
        <subfield code='t'>2</subfield>
        <subfield code='c'>1</subfield>
        <subfield code='o'>0</subfield>
        <subfield code='b'>00045855387</subfield>
        <subfield code='p'>099#9</subfield>
        <subfield code='q'>|aC378 A27J7 1964-</subfield>
        <subfield code='v'>v.36-37(1996-1997)</subfield>
      </datafield>
      <datafield ind1='9' ind2='1' tag='999'>
        <subfield code='i'>i1395957</subfield>
        <subfield code='l'>wbda</subfield>
        <subfield code='s'>o</subfield>
        <subfield code='t'>2</subfield>
        <subfield code='c'>1</subfield>
        <subfield code='o'>0</subfield>
        <subfield code='b'>00045855396</subfield>
        <subfield code='p'>099#9</subfield>
        <subfield code='q'>|aC378 A27J7 1964-</subfield>
        <subfield code='v'>v.38-39(1998-1999)</subfield>
      </datafield>
      <datafield ind1='9' ind2='1' tag='999'>
        <subfield code='i'>i6451030</subfield>
        <subfield code='l'>wbda</subfield>
        <subfield code='s'>o</subfield>
        <subfield code='t'>2</subfield>
        <subfield code='c'>1</subfield>
        <subfield code='o'>0</subfield>
        <subfield code='b'>00045855403</subfield>
        <subfield code='p'>099#9</subfield>
        <subfield code='q'>|aC378|aA27J7|a1964-</subfield>
        <subfield code='v'>v.40-43(2000-[2004])</subfield>
      </datafield>
      <datafield ind1='9' ind2='1' tag='999'>
        <subfield code='i'>i8010756</subfield>
        <subfield code='l'>wbda</subfield>
        <subfield code='s'>o</subfield>
        <subfield code='t'>2</subfield>
        <subfield code='c'>1</subfield>
        <subfield code='o'>0</subfield>
        <subfield code='b'>00036741017</subfield>
        <subfield code='p'>099#9</subfield>
        <subfield code='q'>|aC378|aA27J7|a1964-</subfield>
        <subfield code='v'>v.44-47</subfield>
      </datafield>
      <datafield ind1='9' ind2='1' tag='999'>
        <subfield code='i'>i10140568</subfield>
        <subfield code='l'>wbda</subfield>
        <subfield code='s'>o</subfield>
        <subfield code='t'>2</subfield>
        <subfield code='c'>1</subfield>
        <subfield code='o'>0</subfield>
        <subfield code='b'>00047654117</subfield>
        <subfield code='p'>099#9</subfield>
        <subfield code='q'>|aC378|aA27J7|a1964-</subfield>
        <subfield code='v'>v.48-50</subfield>
      </datafield>
      <datafield ind1='9' ind2='1' tag='999'>
        <subfield code='i'>i10831860</subfield>
        <subfield code='l'>wbda</subfield>
        <subfield code='s'>o</subfield>
        <subfield code='t'>2</subfield>
        <subfield code='c'>1</subfield>
        <subfield code='o'>0</subfield>
        <subfield code='b'>00049681389</subfield>
        <subfield code='p'>099#9</subfield>
        <subfield code='q'>|aC378|aA27J7|a1964-</subfield>
        <subfield code='v'>v.51-52</subfield>
      </datafield>
      <datafield ind1='9' ind2='1' tag='999'>
        <subfield code='i'>i11239290</subfield>
        <subfield code='l'>wbda</subfield>
        <subfield code='s'>o</subfield>
        <subfield code='t'>2</subfield>
        <subfield code='c'>1</subfield>
        <subfield code='o'>0</subfield>
        <subfield code='b'>00051497995</subfield>
        <subfield code='p'>099#9</subfield>
        <subfield code='q'>|aC378|aA27J7|a1964-</subfield>
        <subfield code='v'>v.53-54</subfield>
      </datafield>
      <datafield ind1='9' ind2='2' tag='999'>
        <subfield code='a'>c2791472</subfield>
        <subfield code='b'>dhca</subfield>
        <subfield code='c'>1</subfield>
      </datafield>
      <datafield ind1='9' ind2='3' tag='999'>
        <subfield code='0'>c2791472</subfield>
        <subfield code='2'>852</subfield>
        <subfield code='3'>c</subfield>
        <subfield code='h'>PS580</subfield>
        <subfield code='i'>.S66</subfield>
        <subfield code='z'>Current unbound issues shelved in Davis Library Reference (1st floor); bound volumes in stacks.</subfield>
        <subfield code='x'>Special issues SELECTIVELY ANALYZED</subfield>
      </datafield>
      <datafield ind1='9' ind2='3' tag='999'>
        <subfield code='0'>c2791472</subfield>
        <subfield code='2'>853</subfield>
        <subfield code='3'>y</subfield>
        <subfield code='8'>1</subfield>
        <subfield code='a'>v.</subfield>
        <subfield code='b'>no.</subfield>
        <subfield code='i'>(year)</subfield>
      </datafield>
      <datafield ind1='9' ind2='3' tag='999'>
        <subfield code='0'>c2791472</subfield>
        <subfield code='2'>853</subfield>
        <subfield code='3'>y</subfield>
        <subfield code='8'>2</subfield>
        <subfield code='a'>(*)</subfield>
        <subfield code='b'>(*)</subfield>
      </datafield>
      <datafield ind1='9' ind2='3' tag='999'>
        <subfield code='0'>c2791472</subfield>
        <subfield code='2'>866</subfield>
        <subfield code='3'>h</subfield>
        <subfield code='8'>1</subfield>
        <subfield code='a'>v.6:1(1965)-v.10:no.1(1969), v.11(1970/1971)-v.44(2005),</subfield>
      </datafield>
      <datafield ind1='9' ind2='3' tag='999'>
        <subfield code='0'>c2791472</subfield>
        <subfield code='2'>866</subfield>
        <subfield code='3'>h</subfield>
        <subfield code='8'>2</subfield>
        <subfield code='a'>45- TO DATE</subfield>
      </datafield>
      <datafield ind1='9' ind2='2' tag='999'>
        <subfield code='a'>c2791473</subfield>
        <subfield code='b'>wbda</subfield>
        <subfield code='c'>1</subfield>
      </datafield>
      <datafield ind1='9' ind2='3' tag='999'>
        <subfield code='0'>c2791473</subfield>
        <subfield code='2'>852</subfield>
        <subfield code='3'>c</subfield>
        <subfield code='h'>C378</subfield>
        <subfield code='i'>A27J7</subfield>
        <subfield code='i'>1964-</subfield>
        <subfield code='z'>Currently received.</subfield>
      </datafield>
      <datafield ind1='9' ind2='3' tag='999'>
        <subfield code='0'>c2791473</subfield>
        <subfield code='2'>853</subfield>
        <subfield code='3'>y</subfield>
        <subfield code='8'>1</subfield>
        <subfield code='a'>v.</subfield>
        <subfield code='i'>(year)</subfield>
        <subfield code='t'>c.</subfield>
      </datafield>
      <datafield ind1='9' ind2='3' tag='999'>
        <subfield code='0'>c2791473</subfield>
        <subfield code='2'>866</subfield>
        <subfield code='3'>h</subfield>
        <subfield code='8'>0</subfield>
        <subfield code='a'>v.5 (1964/65) </subfield>
        <subfield code='z'>To DATE.</subfield>
      </datafield>
      <datafield ind1='0' ind2='0' tag='999'>
        <subfield code='a'>2011-11-03 00:00:00-04</subfield>
        <subfield code='c'>2004-09-27 16:28:00-04</subfield>
        <subfield code='u'>2017-12-01 10:09:33-05</subfield>
      </datafield>
  </record>