
  <record>
    <leader>00000cas  2200841 a 4500</leader>
      <controlfield tag='008'>790115d19531989nyuar         0   a0eng d</controlfield>
      <controlfield tag='001'>4550214</controlfield>
      <controlfield tag='003'>OCoLC</controlfield>
      <controlfield tag='005'>20090831034004.0</controlfield>
      <datafield ind1=' ' ind2=' ' tag='010'>
        <subfield code='a'>38008006</subfield>
        <subfield code='z'>sn 79001239</subfield>
      </datafield>
      <datafield ind1=' ' ind2=' ' tag='015'>
        <subfield code='a'>GB7207399</subfield>
        <subfield code='2'>bnb</subfield>
      </datafield>
      <datafield ind1=' ' ind2=' ' tag='019'>
        <subfield code='a'>692503</subfield>
        <subfield code='a'>9345302</subfield>
        <subfield code='a'>15311674</subfield>
        <subfield code='a'>27651412</subfield>
        <subfield code='a'>29881046</subfield>
        <subfield code='a'>41633141</subfield>
        <subfield code='a'>124015964</subfield>
        <subfield code='a'>124015966</subfield>
        <subfield code='a'>185059736</subfield>
        <subfield code='a'>213808295</subfield>
        <subfield code='a'>219831338</subfield>
        <subfield code='a'>220743956</subfield>
      </datafield>
      <datafield ind1='0' ind2=' ' tag='022'>
        <subfield code='a'>0067-6284</subfield>
        <subfield code='2'>1</subfield>
      </datafield>
      <datafield ind1=' ' ind2=' ' tag='035'>
        <subfield code='a'>(OCoLC)4550214</subfield>
        <subfield code='z'>(OCoLC)692503</subfield>
        <subfield code='z'>(OCoLC)9345302</subfield>
        <subfield code='z'>(OCoLC)15311674</subfield>
        <subfield code='z'>(OCoLC)27651412</subfield>
        <subfield code='z'>(OCoLC)29881046</subfield>
        <subfield code='z'>(OCoLC)41633141</subfield>
        <subfield code='z'>(OCoLC)124015964</subfield>
        <subfield code='z'>(OCoLC)124015966</subfield>
        <subfield code='z'>(OCoLC)185059736</subfield>
        <subfield code='z'>(OCoLC)213808295</subfield>
        <subfield code='z'>(OCoLC)219831338</subfield>
        <subfield code='z'>(OCoLC)220743956</subfield>
      </datafield>
      <datafield ind1=' ' ind2=' ' tag='037'>
        <subfield code='b'>Applause Theatre Book Publishers, 211 West 71 St., New York, NY 10023</subfield>
      </datafield>
      <datafield ind1=' ' ind2=' ' tag='040'>
        <subfield code='a'>NSD</subfield>
        <subfield code='c'>NSD</subfield>
        <subfield code='d'>YUS</subfield>
        <subfield code='d'>IUL</subfield>
        <subfield code='d'>DLC</subfield>
        <subfield code='d'>NSD</subfield>
        <subfield code='d'>OCL</subfield>
        <subfield code='d'>IUL</subfield>
        <subfield code='d'>CLU</subfield>
        <subfield code='d'>NST</subfield>
        <subfield code='d'>CLU</subfield>
        <subfield code='d'>OCL</subfield>
        <subfield code='d'>NST</subfield>
        <subfield code='d'>HUL</subfield>
        <subfield code='d'>DLC</subfield>
        <subfield code='d'>NST</subfield>
        <subfield code='d'>OCL</subfield>
        <subfield code='d'>NST</subfield>
        <subfield code='d'>IUL</subfield>
        <subfield code='d'>NST</subfield>
        <subfield code='d'>CLU</subfield>
        <subfield code='d'>IUL</subfield>
        <subfield code='d'>NST</subfield>
        <subfield code='d'>NSD</subfield>
        <subfield code='d'>NST</subfield>
        <subfield code='d'>WAU</subfield>
        <subfield code='d'>NST</subfield>
        <subfield code='d'>DLC</subfield>
        <subfield code='d'>HUL</subfield>
        <subfield code='d'>OCLCQ</subfield>
        <subfield code='d'>IUL</subfield>
        <subfield code='d'>AU@</subfield>
        <subfield code='d'>NOC</subfield>
      </datafield>
      <datafield ind1=' ' ind2=' ' tag='042'>
        <subfield code='a'>nsdp</subfield>
        <subfield code='a'>lc</subfield>
      </datafield>
      <datafield ind1=' ' ind2=' ' tag='049'>
        <subfield code='a'>NOCR</subfield>
      </datafield>
      <datafield ind1='0' ind2='0' tag='050'>
        <subfield code='a'>PN6111 .B47</subfield>
      </datafield>
      <datafield ind1='1' ind2='0' tag='082'>
        <subfield code='a'>812</subfield>
        <subfield code='2'>12</subfield>
      </datafield>
      <datafield ind1='0' ind2='4' tag='082'>
        <subfield code='a'>808.82</subfield>
      </datafield>
      <datafield ind1='0' ind2=' ' tag='130'>
        <subfield code='a'>Best short plays (New York, N.Y.)</subfield>
      </datafield>
      <datafield ind1='0' ind2=' ' tag='210'>
        <subfield code='a'>Best short plays</subfield>
      </datafield>
      <datafield ind1=' ' ind2='4' tag='222'>
        <subfield code='a'>The Best short plays</subfield>
      </datafield>
      <datafield ind1='0' ind2='4' tag='245'>
        <subfield code='a'>The Best short plays</subfield>
        <subfield code='h'>[serial].</subfield>
      </datafield>
      <datafield ind1=' ' ind2=' ' tag='260'>
        <subfield code='a'>New York :</subfield>
        <subfield code='b'>Dodd, Mead,</subfield>
        <subfield code='c'>1953-c1989.</subfield>
      </datafield>
      <datafield ind1='2' ind2=' ' tag='260'>
        <subfield code='a'>Boston :</subfield>
        <subfield code='b'>Beacon Press,</subfield>
        <subfield code='3'>1968-1971, 1973-1985.</subfield>
      </datafield>
      <datafield ind1='2' ind2=' ' tag='260'>
        <subfield code='a'>Philadelphia ;</subfield>
        <subfield code='a'>New York :</subfield>
        <subfield code='b'>Chilton Book Co.,</subfield>
        <subfield code='3'>&lt;1972&gt;</subfield>
      </datafield>
      <datafield ind1='2' ind2=' ' tag='260'>
        <subfield code='a'>New York :</subfield>
        <subfield code='b'>Applause Theater Book Publishers,</subfield>
        <subfield code='3'>1986-1989.</subfield>
      </datafield>
      <datafield ind1=' ' ind2=' ' tag='300'>
        <subfield code='a'>v. ;</subfield>
        <subfield code='c'>21 cm.</subfield>
      </datafield>
      <datafield ind1=' ' ind2=' ' tag='310'>
        <subfield code='a'>Annual</subfield>
      </datafield>
      <datafield ind1='0' ind2=' ' tag='362'>
        <subfield code='a'>1952-1953-1989.</subfield>
      </datafield>
      <datafield ind1=' ' ind2=' ' tag='515'>
        <subfield code='a'>Suspended 1961-1967.</subfield>
      </datafield>
      <datafield ind1=' ' ind2='0' tag='650'>
        <subfield code='a'>One-act plays</subfield>
        <subfield code='v'>Periodicals.</subfield>
      </datafield>
      <datafield ind1=' ' ind2='0' tag='650'>
        <subfield code='a'>Drama</subfield>
        <subfield code='v'>Periodicals.</subfield>
      </datafield>
      <datafield ind1=' ' ind2=' ' tag='653'>
        <subfield code='a'>Drama in English, 1945-</subfield>
        <subfield code='a'>Anthologies</subfield>
      </datafield>
      <datafield ind1=' ' ind2='7' tag='655'>
        <subfield code='a'>Inscriptions (Provenance)</subfield>
        <subfield code='z'>Pennsylvania</subfield>
        <subfield code='y'>20th century.</subfield>
        <subfield code='2'>rbprov</subfield>
      </datafield>
      <datafield ind1='1' ind2=' ' tag='700'>
        <subfield code='a'>Onassis, Jacqueline Kennedy,</subfield>
        <subfield code='d'>1929-1994,</subfield>
        <subfield code='e'>former owner.</subfield>
      </datafield>
      <datafield ind1='0' ind2='0' tag='780'>
        <subfield code='t'>Best one-act plays of ...</subfield>
        <subfield code='x'>0731-5570</subfield>
        <subfield code='w'>(DLC)   90641294</subfield>
        <subfield code='w'>(OCoLC)4986504</subfield>
      </datafield>
      <datafield ind1='0' ind2='0' tag='785'>
        <subfield code='t'>Best American short plays</subfield>
        <subfield code='x'>1062-7561</subfield>
        <subfield code='w'>(DLC)   94644540</subfield>
        <subfield code='w'>(OCoLC)24183958</subfield>
      </datafield>
      <datafield ind1=' ' ind2='0' tag='830'>
        <subfield code='a'>Best short plays series.</subfield>
      </datafield>
      <datafield ind1=' ' ind2=' ' tag='907'>
        <subfield code='a'>b1583793</subfield>
      </datafield>
      <datafield ind1='9' ind2='1' tag='999'>
        <subfield code='i'>i2243811</subfield>
        <subfield code='l'>trln</subfield>
        <subfield code='s'>-</subfield>
        <subfield code='t'>3</subfield>
        <subfield code='c'>1</subfield>
        <subfield code='o'>0</subfield>
        <subfield code='b'>00043376881</subfield>
        <subfield code='p'>090##</subfield>
        <subfield code='q'>|aPN6120.A4|bB44</subfield>
        <subfield code='v'>1953/1954</subfield>
      </datafield>
      <datafield ind1='9' ind2='1' tag='999'>
        <subfield code='i'>i7847232</subfield>
        <subfield code='l'>trln</subfield>
        <subfield code='s'>-</subfield>
        <subfield code='t'>3</subfield>
        <subfield code='c'>1</subfield>
        <subfield code='o'>0</subfield>
        <subfield code='b'>00043376890</subfield>
        <subfield code='p'>090##</subfield>
        <subfield code='q'>|aPN6120.A4|bB44</subfield>
        <subfield code='v'>1954/1955</subfield>
      </datafield>
      <datafield ind1='9' ind2='1' tag='999'>
        <subfield code='i'>i2243815</subfield>
        <subfield code='l'>trln</subfield>
        <subfield code='s'>-</subfield>
        <subfield code='t'>3</subfield>
        <subfield code='c'>1</subfield>
        <subfield code='o'>0</subfield>
        <subfield code='b'>00043376907</subfield>
        <subfield code='p'>090##</subfield>
        <subfield code='q'>|aPN6120.A4|bB44</subfield>
        <subfield code='v'>1955/1956</subfield>
      </datafield>
      <datafield ind1='9' ind2='1' tag='999'>
        <subfield code='i'>i2243817</subfield>
        <subfield code='l'>trln</subfield>
        <subfield code='s'>o</subfield>
        <subfield code='t'>0</subfield>
        <subfield code='c'>1</subfield>
        <subfield code='o'>1</subfield>
        <subfield code='b'>00019258919</subfield>
        <subfield code='p'>090##</subfield>
        <subfield code='q'>|aPN6120.A4 B44</subfield>
        <subfield code='v'>1983</subfield>
      </datafield>
      <datafield ind1='9' ind2='1' tag='999'>
        <subfield code='i'>i2243819</subfield>
        <subfield code='l'>trln</subfield>
        <subfield code='s'>o</subfield>
        <subfield code='t'>0</subfield>
        <subfield code='c'>1</subfield>
        <subfield code='o'>1</subfield>
        <subfield code='b'>10002342519</subfield>
        <subfield code='p'>090##</subfield>
        <subfield code='q'>|aPN6120.A4 B44</subfield>
        <subfield code='v'>1985</subfield>
      </datafield>
      <datafield ind1='9' ind2='1' tag='999'>
        <subfield code='i'>i2243820</subfield>
        <subfield code='l'>trln</subfield>
        <subfield code='s'>o</subfield>
        <subfield code='t'>0</subfield>
        <subfield code='c'>1</subfield>
        <subfield code='o'>0</subfield>
        <subfield code='b'>00020290356</subfield>
        <subfield code='p'>090##</subfield>
        <subfield code='q'>|aPN6120.A4 B44</subfield>
        <subfield code='v'>1986</subfield>
      </datafield>
      <datafield ind1='9' ind2='1' tag='999'>
        <subfield code='i'>i9487848</subfield>
        <subfield code='l'>trln</subfield>
        <subfield code='s'>-</subfield>
        <subfield code='t'>3</subfield>
        <subfield code='c'>1</subfield>
        <subfield code='o'>0</subfield>
        <subfield code='b'>00043376961</subfield>
        <subfield code='p'>090##</subfield>
        <subfield code='q'>|aPN6120.A4|bB44</subfield>
        <subfield code='v'>1972</subfield>
      </datafield>
      <datafield ind1='9' ind2='1' tag='999'>
        <subfield code='i'>i2243809</subfield>
        <subfield code='l'>trln</subfield>
        <subfield code='s'>-</subfield>
        <subfield code='t'>3</subfield>
        <subfield code='c'>1</subfield>
        <subfield code='o'>0</subfield>
        <subfield code='b'>00043376872</subfield>
        <subfield code='p'>090##</subfield>
        <subfield code='q'>|aPN6120.A4|bB44</subfield>
        <subfield code='v'>1952/1953</subfield>
      </datafield>
      <datafield ind1='9' ind2='1' tag='999'>
        <subfield code='i'>i9487843</subfield>
        <subfield code='l'>trln</subfield>
        <subfield code='s'>-</subfield>
        <subfield code='t'>3</subfield>
        <subfield code='c'>1</subfield>
        <subfield code='o'>0</subfield>
        <subfield code='b'>00043376916</subfield>
        <subfield code='p'>090##</subfield>
        <subfield code='q'>|aPN6120.A4|bB44</subfield>
        <subfield code='v'>1958/1959</subfield>
      </datafield>
      <datafield ind1='9' ind2='1' tag='999'>
        <subfield code='i'>i9487844</subfield>
        <subfield code='l'>trln</subfield>
        <subfield code='s'>-</subfield>
        <subfield code='t'>3</subfield>
        <subfield code='c'>1</subfield>
        <subfield code='o'>0</subfield>
        <subfield code='b'>00043376925</subfield>
        <subfield code='p'>090##</subfield>
        <subfield code='q'>|aPN6120.A4|bB44</subfield>
        <subfield code='v'>1959/1960</subfield>
      </datafield>
      <datafield ind1='9' ind2='1' tag='999'>
        <subfield code='i'>i9487845</subfield>
        <subfield code='l'>trln</subfield>
        <subfield code='s'>-</subfield>
        <subfield code='t'>3</subfield>
        <subfield code='c'>1</subfield>
        <subfield code='o'>0</subfield>
        <subfield code='b'>00043376934</subfield>
        <subfield code='p'>090##</subfield>
        <subfield code='q'>|aPN6120.A4|bB44</subfield>
        <subfield code='v'>1960/1961</subfield>
      </datafield>
      <datafield ind1='9' ind2='1' tag='999'>
        <subfield code='i'>i9487846</subfield>
        <subfield code='l'>trln</subfield>
        <subfield code='s'>-</subfield>
        <subfield code='t'>3</subfield>
        <subfield code='c'>1</subfield>
        <subfield code='o'>0</subfield>
        <subfield code='b'>00043376943</subfield>
        <subfield code='p'>090##</subfield>
        <subfield code='q'>|aPN6120.A4|bB44</subfield>
        <subfield code='v'>1968</subfield>
      </datafield>
      <datafield ind1='9' ind2='1' tag='999'>
        <subfield code='i'>i9487847</subfield>
        <subfield code='l'>trln</subfield>
        <subfield code='s'>-</subfield>
        <subfield code='t'>3</subfield>
        <subfield code='c'>1</subfield>
        <subfield code='o'>0</subfield>
        <subfield code='b'>00043376952</subfield>
        <subfield code='p'>090##</subfield>
        <subfield code='q'>|aPN6120.A4|bB44</subfield>
        <subfield code='v'>1971</subfield>
      </datafield>
      <datafield ind1='9' ind2='1' tag='999'>
        <subfield code='i'>i7847235</subfield>
        <subfield code='l'>trln</subfield>
        <subfield code='s'>-</subfield>
        <subfield code='t'>3</subfield>
        <subfield code='c'>1</subfield>
        <subfield code='o'>0</subfield>
        <subfield code='b'>10000078130</subfield>
        <subfield code='p'>090##</subfield>
        <subfield code='q'>|aPN6120.A4|bB44</subfield>
        <subfield code='v'>1982</subfield>
      </datafield>
      <datafield ind1='9' ind2='1' tag='999'>
        <subfield code='i'>i7850878</subfield>
        <subfield code='l'>wcda</subfield>
        <subfield code='s'>o</subfield>
        <subfield code='t'>0</subfield>
        <subfield code='c'>1</subfield>
        <subfield code='o'>0</subfield>
        <subfield code='b'>10000535994</subfield>
        <subfield code='p'>090##</subfield>
        <subfield code='q'>|aPN6120.A4|bB44</subfield>
        <subfield code='v'>1972</subfield>
        <subfield code='n'>Autograph of Jacqueline Kennedy, 1040 Fifth Ave., New York, on  half title.</subfield>
      </datafield>
      <datafield ind1='9' ind2='2' tag='999'>
        <subfield code='a'>c1568900</subfield>
        <subfield code='b'>trln</subfield>
        <subfield code='c'>0</subfield>
      </datafield>
      <datafield ind1='9' ind2='3' tag='999'>
        <subfield code='0'>c1568900</subfield>
        <subfield code='2'>852</subfield>
        <subfield code='3'>c</subfield>
        <subfield code='b'>555521</subfield>
        <subfield code='h'>PN6120.A4</subfield>
        <subfield code='i'>B44</subfield>
        <subfield code='x'>Earlier and later titles exist.</subfield>
        <subfield code='x'>Recl. fr. 812.8 M74b</subfield>
      </datafield>
      <datafield ind1='9' ind2='3' tag='999'>
        <subfield code='0'>c1568900</subfield>
        <subfield code='2'>853</subfield>
        <subfield code='3'>y</subfield>
        <subfield code='8'>1</subfield>
        <subfield code='a'>(year)</subfield>
      </datafield>
      <datafield ind1='9' ind2='3' tag='999'>
        <subfield code='0'>c1568900</subfield>
        <subfield code='2'>863</subfield>
        <subfield code='3'>h</subfield>
        <subfield code='8'>1.1</subfield>
        <subfield code='a'>1952/1953-1955/1956</subfield>
        <subfield code='w'>g</subfield>
      </datafield>
      <datafield ind1='9' ind2='3' tag='999'>
        <subfield code='0'>c1568900</subfield>
        <subfield code='2'>863</subfield>
        <subfield code='3'>h</subfield>
        <subfield code='8'>1.2</subfield>
        <subfield code='a'>1958/1959-1960/1961</subfield>
        <subfield code='w'>g</subfield>
      </datafield>
      <datafield ind1='9' ind2='3' tag='999'>
        <subfield code='0'>c1568900</subfield>
        <subfield code='2'>863</subfield>
        <subfield code='3'>h</subfield>
        <subfield code='8'>1.3</subfield>
        <subfield code='a'>1968</subfield>
        <subfield code='w'>g</subfield>
      </datafield>
      <datafield ind1='9' ind2='3' tag='999'>
        <subfield code='0'>c1568900</subfield>
        <subfield code='2'>863</subfield>
        <subfield code='3'>h</subfield>
        <subfield code='8'>1.4</subfield>
        <subfield code='a'>1971-1972</subfield>
        <subfield code='w'>g</subfield>
      </datafield>
      <datafield ind1='9' ind2='3' tag='999'>
        <subfield code='0'>c1568900</subfield>
        <subfield code='2'>863</subfield>
        <subfield code='3'>h</subfield>
        <subfield code='8'>1.5</subfield>
        <subfield code='a'>1982-1983</subfield>
        <subfield code='w'>g</subfield>
      </datafield>
      <datafield ind1='9' ind2='3' tag='999'>
        <subfield code='0'>c1568900</subfield>
        <subfield code='2'>863</subfield>
        <subfield code='3'>h</subfield>
        <subfield code='8'>1.6</subfield>
        <subfield code='a'>1985-1986</subfield>
      </datafield>
      <datafield ind1='9' ind2='2' tag='999'>
        <subfield code='a'>c4796417</subfield>
        <subfield code='b'>wcda</subfield>
        <subfield code='c'>0</subfield>
      </datafield>
      <datafield ind1='9' ind2='3' tag='999'>
        <subfield code='0'>c4796417</subfield>
        <subfield code='2'>852</subfield>
        <subfield code='3'>c</subfield>
        <subfield code='h'>PN6120.A4</subfield>
        <subfield code='i'>B44</subfield>
      </datafield>
      <datafield ind1='9' ind2='3' tag='999'>
        <subfield code='0'>c4796417</subfield>
        <subfield code='2'>853</subfield>
        <subfield code='3'>y</subfield>
        <subfield code='8'>1</subfield>
        <subfield code='a'>year</subfield>
      </datafield>
      <datafield ind1='9' ind2='3' tag='999'>
        <subfield code='0'>c4796417</subfield>
        <subfield code='2'>863</subfield>
        <subfield code='3'>h</subfield>
        <subfield code='8'>1.1</subfield>
        <subfield code='a'>1972</subfield>
      </datafield>
      <datafield ind1='9' ind2='3' tag='999'>
        <subfield code='0'>c4796417</subfield>
        <subfield code='2'>866</subfield>
        <subfield code='3'>h</subfield>
        <subfield code='8'>0</subfield>
        <subfield code='a'>1972</subfield>
        <subfield code='z'>Autograph of Jacqueline Kennedy, 1040 Fifth Ave., New York, on  half title.</subfield>
      </datafield>
      <datafield ind1='0' ind2='0' tag='999'>
        <subfield code='a'>2009-08-31 00:00:00-04</subfield>
        <subfield code='c'>2004-09-28 16:28:00-04</subfield>
        <subfield code='u'>2017-12-01 10:19:40-05</subfield>
      </datafield>
  </record>