
  <record>
    <leader>00000ngm a2200577Ii 4500</leader>
      <controlfield tag='006'>m    |o  c |</controlfield>
      <controlfield tag='007'>cr cna</controlfield>
      <controlfield tag='007'>vz czazzu</controlfield>
      <controlfield tag='008'>160406p20152014nyu048 |     |o   vleng|d</controlfield>
      <controlfield tag='001'>FMGFOD111619</controlfield>
      <controlfield tag='003'>FOD</controlfield>
      <controlfield tag='005'>20160406031547.0</controlfield>
      <datafield ind1='4' ind2='0' tag='028'>
        <subfield code='a'>111616s</subfield>
        <subfield code='b'>Films Media Group.</subfield>
      </datafield>
      <datafield ind1='4' ind2='0' tag='028'>
        <subfield code='a'>111619</subfield>
        <subfield code='b'>Films Media Group</subfield>
      </datafield>
      <datafield ind1=' ' ind2=' ' tag='035'>
        <subfield code='a'>(OCoLC)946096001</subfield>
      </datafield>
      <datafield ind1=' ' ind2=' ' tag='040'>
        <subfield code='a'>AzPhAEM</subfield>
        <subfield code='b'>eng</subfield>
        <subfield code='e'>rda</subfield>
      </datafield>
      <datafield ind1='0' ind2=' ' tag='041'>
        <subfield code='a'>eng</subfield>
        <subfield code='j'>eng</subfield>
        <subfield code='h'>eng</subfield>
      </datafield>
      <datafield ind1=' ' ind2=' ' tag='043'>
        <subfield code='a'>n-mx---</subfield>
      </datafield>
      <datafield ind1=' ' ind2=' ' tag='046'>
        <subfield code='k'>2014</subfield>
      </datafield>
      <datafield ind1='0' ind2='0' tag='245'>
        <subfield code='a'>Festivals :</subfield>
        <subfield code='b'>Day of the Dead, Mexico /</subfield>
        <subfield code='c'>Channel Four (Great Britain).</subfield>
      </datafield>
      <datafield ind1='3' ind2=' ' tag='246'>
        <subfield code='a'>Day of the Dead, Mexico</subfield>
      </datafield>
      <datafield ind1=' ' ind2='1' tag='264'>
        <subfield code='a'>[Place of publication not identified] :</subfield>
        <subfield code='b'>Channel Four (Great Britain),</subfield>
        <subfield code='c'>[2014]</subfield>
      </datafield>
      <datafield ind1=' ' ind2='4' tag='264'>
        <subfield code='c'>2014</subfield>
      </datafield>
      <datafield ind1='3' ind2='2' tag='264'>
        <subfield code='a'>New York, N.Y. :</subfield>
        <subfield code='b'>Films Media Group,</subfield>
        <subfield code='c'>2015</subfield>
      </datafield>
      <datafield ind1=' ' ind2=' ' tag='300'>
        <subfield code='a'>1 streaming video (47 min., 46 sec.)</subfield>
      </datafield>
      <datafield ind1=' ' ind2=' ' tag='336'>
        <subfield code='a'>two-dimensional moving image</subfield>
        <subfield code='b'>tdi</subfield>
        <subfield code='2'>rdacontent</subfield>
      </datafield>
      <datafield ind1=' ' ind2=' ' tag='337'>
        <subfield code='a'>computer</subfield>
        <subfield code='b'>c</subfield>
        <subfield code='2'>rdamedia</subfield>
      </datafield>
      <datafield ind1=' ' ind2=' ' tag='338'>
        <subfield code='a'>online resource</subfield>
        <subfield code='b'>cr</subfield>
        <subfield code='2'>rdacarrier</subfield>
      </datafield>
      <datafield ind1=' ' ind2=' ' tag='347'>
        <subfield code='a'>video file</subfield>
        <subfield code='2'>rda</subfield>
      </datafield>
      <datafield ind1=' ' ind2=' ' tag='500'>
        <subfield code='a'>Originally released by Channel Four (Great Britain), 2014.</subfield>
      </datafield>
      <datafield ind1='0' ind2=' ' tag='505'>
        <subfield code='a'>Day of the Dead Introduction (3:09) -- Cultural and Religious Blend (3:05) -- Mitla (2:20) -- Aztec and Christian Iconography (2:16) -- Etla Festivities (3:15) -- Ofrendas and Angelitos (3:24) -- Spiritual Communication (3:28) -- Remembering Angelitos (4:00) -- All Saint&apos;s Day (2:16) -- Day of the Dead Lunch (2:28) -- Muerteada Band (2:58) -- Shifting Religious Views (3:19) -- All Saint&apos;s Night (3:54) -- All Soul&apos;s Day (2:05) -- Day of the Dead Dichotomy (3:53) -- Credits: Festivals: Day of the Dead, Mexico (0:31) -- LIBR 251 (0:00)</subfield>
      </datafield>
      <datafield ind1='1' ind2=' ' tag='506'>
        <subfield code='a'>Access limited to UNC Chapel Hill-authenticated users.</subfield>
        <subfield code='f'>Unlimited simultaneous users</subfield>
      </datafield>
      <datafield ind1=' ' ind2=' ' tag='520'>
        <subfield code='a'>Festivals of life nourish us with ancient rituals in a fast-changing world, covering all facets of the human condition, the changing seasons, weddings, coming of age ceremonies, births and deaths, the worship of gods and the battle against evil spirits. This film showcases Mexico&apos;s Day of the Dead celebrations that unite the living and the dead in feasting, dancing and decoration. In Oaxaca City, local artists create sand tapestries and enter an altar competition. Families gather at the public cemetery to clean the graves of loved ones and make offerings. In Etla, muerteadas, or street parades, last all night as rival bands engage in mock battles. Join a local family for a traditional lunch of chicken and mole, and learn about Aztec and Spanish religious customs that blended to form today&apos;s Da de los Muertos festival of remembrance.</subfield>
      </datafield>
      <datafield ind1='2' ind2=' ' tag='521'>
        <subfield code='a'>9 &amp; up.</subfield>
      </datafield>
      <datafield ind1=' ' ind2=' ' tag='546'>
        <subfield code='a'>Closed-captioned.</subfield>
      </datafield>
      <datafield ind1='0' ind2=' ' tag='588'>
        <subfield code='a'>Title from distributor&apos;s description (Films Media Group, March 10, 2016)</subfield>
      </datafield>
      <datafield ind1=' ' ind2='0' tag='650'>
        <subfield code='a'>All Souls&apos; Day</subfield>
        <subfield code='z'>Mexico.</subfield>
      </datafield>
      <datafield ind1=' ' ind2='0' tag='650'>
        <subfield code='a'>Festivals.</subfield>
      </datafield>
      <datafield ind1=' ' ind2='0' tag='651'>
        <subfield code='a'>Mexico</subfield>
        <subfield code='x'>Social life and customs</subfield>
      </datafield>
      <datafield ind1='2' ind2=' ' tag='710'>
        <subfield code='a'>Channel Four (Great Britain)</subfield>
      </datafield>
      <datafield ind1='0' ind2=' ' tag='773'>
        <subfield code='t'>FMG films on demand (online collection)</subfield>
      </datafield>
      <datafield ind1=' ' ind2='0' tag='830'>
        <subfield code='a'>Festivals (New York, N.Y.)</subfield>
      </datafield>
      <datafield ind1='4' ind2='0' tag='856'>
        <subfield code='u'>http://libproxy.lib.unc.edu/login?url=http://fod.infobase.com/PortalPlaylists.aspx?wID=102632&amp;xtid=111619</subfield>
        <subfield code='y'>Streaming video available via the UNC-Chapel Hill Libraries</subfield>
        <subfield code='x'>FMG Films on Demand</subfield>
      </datafield>
      <datafield ind1=' ' ind2=' ' tag='919'>
        <subfield code='a'>filmfinder</subfield>
      </datafield>
      <datafield ind1=' ' ind2='1' tag='907'>
        <subfield code='a'>b8517360</subfield>
      </datafield>
      <datafield ind1='0' ind2='0' tag='999'>
        <subfield code='a'>2016-11-09 00:00:00-05</subfield>
        <subfield code='c'>2016-06-07 08:44:35-04</subfield>
        <subfield code='u'>2017-12-21 12:37:17-05</subfield>
      </datafield>
  </record>