
  <record>
    <leader>00000cas  2200553 a 4500</leader>
      <controlfield tag='008'>791217d19791994njufx     o   0   a0eng c</controlfield>
      <controlfield tag='001'>5804573</controlfield>
      <controlfield tag='003'>OCoLC</controlfield>
      <controlfield tag='005'>20130411103936.0</controlfield>
      <datafield ind1=' ' ind2=' ' tag='010'>
        <subfield code='a'>80643869</subfield>
      </datafield>
      <datafield ind1='7' ind2=' ' tag='016'>
        <subfield code='a'>14346-7</subfield>
        <subfield code='2'>DE-600</subfield>
      </datafield>
      <datafield ind1='7' ind2=' ' tag='016'>
        <subfield code='a'>010487753</subfield>
        <subfield code='2'>Uk</subfield>
      </datafield>
      <datafield ind1='0' ind2=' ' tag='022'>
        <subfield code='a'>0270-2495</subfield>
        <subfield code='l'>0270-2495</subfield>
        <subfield code='2'>1</subfield>
      </datafield>
      <datafield ind1=' ' ind2=' ' tag='035'>
        <subfield code='a'>(OCoLC)5804573</subfield>
      </datafield>
      <datafield ind1=' ' ind2=' ' tag='037'>
        <subfield code='b'>I.V. Sertima, Editor, Journal of African Civilizations, Douglass College, Rutgers Univ., New Brunswick, NJ 08903</subfield>
      </datafield>
      <datafield ind1=' ' ind2=' ' tag='040'>
        <subfield code='a'>NJR</subfield>
        <subfield code='b'>eng</subfield>
        <subfield code='c'>NJR</subfield>
        <subfield code='d'>UCU</subfield>
        <subfield code='d'>DLC</subfield>
        <subfield code='d'>NSD</subfield>
        <subfield code='d'>DLC</subfield>
        <subfield code='d'>NST</subfield>
        <subfield code='d'>DLC</subfield>
        <subfield code='d'>NST</subfield>
        <subfield code='d'>DLC</subfield>
        <subfield code='d'>NST</subfield>
        <subfield code='d'>DLC</subfield>
        <subfield code='d'>OCL</subfield>
        <subfield code='d'>SYS</subfield>
        <subfield code='d'>OCLCQ</subfield>
        <subfield code='d'>DEBSZ</subfield>
        <subfield code='d'>UKMGB</subfield>
        <subfield code='d'>NOC</subfield>
      </datafield>
      <datafield ind1=' ' ind2=' ' tag='042'>
        <subfield code='a'>pcc</subfield>
        <subfield code='a'>nsdp</subfield>
      </datafield>
      <datafield ind1=' ' ind2=' ' tag='043'>
        <subfield code='a'>f------</subfield>
        <subfield code='a'>n-us---</subfield>
      </datafield>
      <datafield ind1=' ' ind2=' ' tag='049'>
        <subfield code='a'>NOCC</subfield>
      </datafield>
      <datafield ind1='0' ind2='0' tag='050'>
        <subfield code='a'>DT14</subfield>
        <subfield code='b'>.J68</subfield>
      </datafield>
      <datafield ind1='0' ind2='4' tag='082'>
        <subfield code='a'>960</subfield>
        <subfield code='2'>19</subfield>
      </datafield>
      <datafield ind1='0' ind2=' ' tag='210'>
        <subfield code='a'>J. Afr. civiliz.</subfield>
      </datafield>
      <datafield ind1=' ' ind2='0' tag='222'>
        <subfield code='a'>Journal of African civilizations</subfield>
      </datafield>
      <datafield ind1='0' ind2='0' tag='245'>
        <subfield code='a'>Journal of African civilizations</subfield>
        <subfield code='h'>[serial].</subfield>
      </datafield>
      <datafield ind1=' ' ind2=' ' tag='260'>
        <subfield code='a'>[New Brunswick, N.J. :</subfield>
        <subfield code='b'>Douglass College, Rutgers University,</subfield>
        <subfield code='c'>1979-</subfield>
      </datafield>
      <datafield ind1='3' ind2='0' tag='264'>
        <subfield code='a'>New Brunswick :</subfield>
        <subfield code='b'>Transaction Publishers,</subfield>
        <subfield code='c'>-1994.</subfield>
      </datafield>
      <datafield ind1=' ' ind2=' ' tag='300'>
        <subfield code='a'>12 volumes :</subfield>
        <subfield code='b'>illustrations ;</subfield>
        <subfield code='c'>22 cm.</subfield>
      </datafield>
      <datafield ind1=' ' ind2=' ' tag='310'>
        <subfield code='a'>Semiannual</subfield>
      </datafield>
      <datafield ind1=' ' ind2=' ' tag='336'>
        <subfield code='a'>text</subfield>
        <subfield code='b'>txt</subfield>
        <subfield code='2'>rdacontent</subfield>
      </datafield>
      <datafield ind1=' ' ind2=' ' tag='337'>
        <subfield code='a'>unmediated</subfield>
        <subfield code='b'>n</subfield>
        <subfield code='2'>rdamedia</subfield>
      </datafield>
      <datafield ind1=' ' ind2=' ' tag='338'>
        <subfield code='a'>volume</subfield>
        <subfield code='b'>nc</subfield>
        <subfield code='2'>rdacarrier</subfield>
      </datafield>
      <datafield ind1='0' ind2=' ' tag='362'>
        <subfield code='a'>Vol. 1, no. 1 (Apr. 1979)-</subfield>
      </datafield>
      <datafield ind1='1' ind2=' ' tag='362'>
        <subfield code='a'>Ceased with v. 12 (Spring 1994).</subfield>
      </datafield>
      <datafield ind1=' ' ind2=' ' tag='500'>
        <subfield code='a'>Title from cover.</subfield>
      </datafield>
      <datafield ind1=' ' ind2=' ' tag='500'>
        <subfield code='a'>Editor: 1979-   I. Van Sertima.</subfield>
      </datafield>
      <datafield ind1=' ' ind2=' ' tag='580'>
        <subfield code='a'>Some issues have separate titles: Great African thinkers, v. 1 (constituting v. 8, no. 1 of the journal); Great black leaders (v. 9).</subfield>
      </datafield>
      <datafield ind1=' ' ind2=' ' tag='588'>
        <subfield code='a'>Latest issue consulted: Vol. 12 (Spring 1994).</subfield>
      </datafield>
      <datafield ind1=' ' ind2='0' tag='650'>
        <subfield code='a'>Blacks</subfield>
        <subfield code='v'>Periodicals.</subfield>
      </datafield>
      <datafield ind1=' ' ind2='0' tag='650'>
        <subfield code='a'>African Americans</subfield>
        <subfield code='v'>Periodicals.</subfield>
      </datafield>
      <datafield ind1=' ' ind2='0' tag='651'>
        <subfield code='a'>Africa</subfield>
        <subfield code='x'>Civilization</subfield>
        <subfield code='v'>Periodicals.</subfield>
      </datafield>
      <datafield ind1='1' ind2=' ' tag='700'>
        <subfield code='a'>Van Sertima, Ivan.</subfield>
      </datafield>
      <datafield ind1='2' ind2=' ' tag='710'>
        <subfield code='a'>Douglass College.</subfield>
      </datafield>
      <datafield ind1='0' ind2=' ' tag='730'>
        <subfield code='a'>Great African thinkers.</subfield>
      </datafield>
      <datafield ind1='0' ind2=' ' tag='730'>
        <subfield code='a'>Great black leaders.</subfield>
      </datafield>
      <datafield ind1='0' ind2='8' tag='776'>
        <subfield code='i'>Online version:</subfield>
        <subfield code='t'>Journal of African civilizations</subfield>
        <subfield code='w'>(OCoLC)795867426</subfield>
      </datafield>
      <datafield ind1='1' ind2=' ' tag='777'>
        <subfield code='t'>Great African thinkers</subfield>
        <subfield code='w'>(DLC)   96643833</subfield>
        <subfield code='w'>(OCoLC)18595087</subfield>
      </datafield>
      <datafield ind1=' ' ind2=' ' tag='907'>
        <subfield code='a'>b1661867</subfield>
      </datafield>
      <datafield ind1='9' ind2='1' tag='999'>
        <subfield code='i'>i7556648</subfield>
        <subfield code='l'>dhca</subfield>
        <subfield code='s'>o</subfield>
        <subfield code='t'>3</subfield>
        <subfield code='c'>1</subfield>
        <subfield code='o'>0</subfield>
        <subfield code='b'>HAIQ-9817-00001</subfield>
        <subfield code='p'>090##</subfield>
        <subfield code='q'>|aDT14|b.J68</subfield>
        <subfield code='v'>v.1-4</subfield>
      </datafield>
      <datafield ind1='9' ind2='1' tag='999'>
        <subfield code='i'>i3011256</subfield>
        <subfield code='l'>ddda</subfield>
        <subfield code='s'>m</subfield>
        <subfield code='t'>0</subfield>
        <subfield code='c'>1</subfield>
        <subfield code='o'>0</subfield>
        <subfield code='b'>HAKL-6987-00001</subfield>
        <subfield code='p'>090##</subfield>
        <subfield code='q'>|aDT14|b.J68 v. 6 no. 2</subfield>
        <subfield code='v'>v.6:no.2</subfield>
      </datafield>
      <datafield ind1='9' ind2='1' tag='999'>
        <subfield code='i'>i3112922</subfield>
        <subfield code='l'>ddda</subfield>
        <subfield code='s'>-</subfield>
        <subfield code='t'>0</subfield>
        <subfield code='c'>1</subfield>
        <subfield code='o'>3</subfield>
        <subfield code='d'>20180124</subfield>
        <subfield code='b'>00011460929</subfield>
        <subfield code='p'>090##</subfield>
        <subfield code='q'>|aDT14|b.J68 v. 8 no. 1</subfield>
        <subfield code='v'>v.8:no.1=v.1</subfield>
      </datafield>
      <datafield ind1='9' ind2='1' tag='999'>
        <subfield code='i'>i3325143</subfield>
        <subfield code='l'>ddda</subfield>
        <subfield code='s'>m</subfield>
        <subfield code='t'>0</subfield>
        <subfield code='c'>1</subfield>
        <subfield code='o'>1</subfield>
        <subfield code='b'>10001560115</subfield>
        <subfield code='p'>090##</subfield>
        <subfield code='q'>|aDT14|b.J68 v. 10</subfield>
        <subfield code='v'>v.10</subfield>
      </datafield>
      <datafield ind1='9' ind2='1' tag='999'>
        <subfield code='i'>i3250911</subfield>
        <subfield code='l'>trln</subfield>
        <subfield code='s'>-</subfield>
        <subfield code='t'>0</subfield>
        <subfield code='c'>1</subfield>
        <subfield code='o'>5</subfield>
        <subfield code='b'>00011452359</subfield>
        <subfield code='p'>090##</subfield>
        <subfield code='q'>|aDT14|b.J68 v. 7 no. 1</subfield>
        <subfield code='v'>v.7:no.1(1988)</subfield>
      </datafield>
      <datafield ind1='9' ind2='1' tag='999'>
        <subfield code='i'>i4337680</subfield>
        <subfield code='l'>trln</subfield>
        <subfield code='s'>-</subfield>
        <subfield code='t'>0</subfield>
        <subfield code='c'>1</subfield>
        <subfield code='o'>9</subfield>
        <subfield code='b'>00038582694</subfield>
        <subfield code='p'>090##</subfield>
        <subfield code='q'>|aDT14|b.J68 v. 12</subfield>
        <subfield code='v'>v.12</subfield>
      </datafield>
      <datafield ind1='9' ind2='1' tag='999'>
        <subfield code='i'>i2832875</subfield>
        <subfield code='l'>trln</subfield>
        <subfield code='s'>-</subfield>
        <subfield code='t'>0</subfield>
        <subfield code='c'>2</subfield>
        <subfield code='o'>18</subfield>
        <subfield code='d'>20180124</subfield>
        <subfield code='b'>00003039090</subfield>
        <subfield code='p'>090##</subfield>
        <subfield code='q'>|aDT14|b.J68 v. 6 no. 1</subfield>
        <subfield code='v'>v.6:no.1</subfield>
      </datafield>
      <datafield ind1='9' ind2='1' tag='999'>
        <subfield code='i'>i11180492</subfield>
        <subfield code='l'>trln</subfield>
        <subfield code='s'>-</subfield>
        <subfield code='t'>0</subfield>
        <subfield code='c'>1</subfield>
        <subfield code='o'>0</subfield>
        <subfield code='b'>00048388056</subfield>
        <subfield code='p'>05000</subfield>
        <subfield code='q'>|aDT14|b.J68 v. 9</subfield>
        <subfield code='v'>v.9(1987)</subfield>
      </datafield>
      <datafield ind1='9' ind2='1' tag='999'>
        <subfield code='i'>i11180525</subfield>
        <subfield code='l'>trln</subfield>
        <subfield code='s'>-</subfield>
        <subfield code='t'>0</subfield>
        <subfield code='c'>1</subfield>
        <subfield code='o'>0</subfield>
        <subfield code='b'>00011460938</subfield>
        <subfield code='p'>050#4</subfield>
        <subfield code='q'>|aDT14|b.J68 v. 11</subfield>
        <subfield code='v'>v.11(1991)</subfield>
      </datafield>
      <datafield ind1='9' ind2='1' tag='999'>
        <subfield code='i'>i2748291</subfield>
        <subfield code='l'>uada</subfield>
        <subfield code='s'>-</subfield>
        <subfield code='t'>0</subfield>
        <subfield code='c'>1</subfield>
        <subfield code='o'>13</subfield>
        <subfield code='b'>00002826142</subfield>
        <subfield code='p'>090##</subfield>
        <subfield code='q'>|aDT14|b.J68 v. 5</subfield>
        <subfield code='v'>v.5:no.1-2</subfield>
      </datafield>
      <datafield ind1='9' ind2='2' tag='999'>
        <subfield code='a'>c2786470</subfield>
        <subfield code='b'>trln</subfield>
        <subfield code='c'>1</subfield>
      </datafield>
      <datafield ind1='9' ind2='3' tag='999'>
        <subfield code='0'>c2786470</subfield>
        <subfield code='2'>852</subfield>
        <subfield code='3'>c</subfield>
        <subfield code='b'>555521</subfield>
        <subfield code='h'>DT14</subfield>
        <subfield code='i'>.J68</subfield>
        <subfield code='x'>ANALYZED</subfield>
      </datafield>
      <datafield ind1='9' ind2='3' tag='999'>
        <subfield code='0'>c2786470</subfield>
        <subfield code='2'>853</subfield>
        <subfield code='3'>y</subfield>
        <subfield code='8'>1</subfield>
        <subfield code='a'>v.</subfield>
        <subfield code='b'>no.</subfield>
        <subfield code='i'>(year)</subfield>
      </datafield>
      <datafield ind1='9' ind2='3' tag='999'>
        <subfield code='0'>c2786470</subfield>
        <subfield code='2'>863</subfield>
        <subfield code='3'>h</subfield>
        <subfield code='8'>1.1</subfield>
        <subfield code='a'>1-12</subfield>
      </datafield>
      <datafield ind1='9' ind2='2' tag='999'>
        <subfield code='a'>c1754451</subfield>
        <subfield code='b'>uada</subfield>
        <subfield code='c'>0</subfield>
      </datafield>
      <datafield ind1='9' ind2='3' tag='999'>
        <subfield code='0'>c1754451</subfield>
        <subfield code='2'>852</subfield>
        <subfield code='3'>c</subfield>
        <subfield code='b'>561121</subfield>
        <subfield code='h'>DT14</subfield>
        <subfield code='i'>.J68</subfield>
      </datafield>
      <datafield ind1='9' ind2='3' tag='999'>
        <subfield code='0'>c1754451</subfield>
        <subfield code='2'>853</subfield>
        <subfield code='3'>y</subfield>
        <subfield code='8'>1</subfield>
        <subfield code='a'>v.</subfield>
        <subfield code='b'>no.</subfield>
      </datafield>
      <datafield ind1='9' ind2='3' tag='999'>
        <subfield code='0'>c1754451</subfield>
        <subfield code='2'>863</subfield>
        <subfield code='3'>h</subfield>
        <subfield code='8'>1.1</subfield>
        <subfield code='a'>5</subfield>
        <subfield code='b'>1-2</subfield>
      </datafield>
      <datafield ind1='0' ind2='0' tag='999'>
        <subfield code='a'>2013-04-02 00:00:00-04</subfield>
        <subfield code='c'>2004-09-29 16:56:00-04</subfield>
        <subfield code='u'>2017-12-01 10:21:18-05</subfield>
      </datafield>
  </record>