
  <record>
    <leader>00000cas a2200793 a 4500</leader>
      <controlfield tag='008'>850209d19261927lv wx p       0   c0rusoc</controlfield>
      <controlfield tag='001'>11678580</controlfield>
      <controlfield tag='003'>OCoLC</controlfield>
      <controlfield tag='005'>20160229122812.0</controlfield>
      <datafield ind1=' ' ind2=' ' tag='010'>
        <subfield code='a'>sn 85021929</subfield>
      </datafield>
      <datafield ind1=' ' ind2=' ' tag='035'>
        <subfield code='a'>(OCoLC)11678580</subfield>
      </datafield>
      <datafield ind1=' ' ind2=' ' tag='040'>
        <subfield code='a'>EEM</subfield>
        <subfield code='b'>eng</subfield>
        <subfield code='c'>EEM</subfield>
        <subfield code='d'>IUL</subfield>
        <subfield code='d'>STF</subfield>
        <subfield code='d'>OCLCQ</subfield>
        <subfield code='d'>IUL</subfield>
        <subfield code='d'>OCLCF</subfield>
        <subfield code='d'>OCLCO</subfield>
        <subfield code='d'>NOC</subfield>
      </datafield>
      <datafield ind1='1' ind2=' ' tag='041'>
        <subfield code='a'>rus</subfield>
        <subfield code='h'>eng</subfield>
      </datafield>
      <datafield ind1=' ' ind2=' ' tag='042'>
        <subfield code='a'>pcc</subfield>
      </datafield>
      <datafield ind1=' ' ind2=' ' tag='049'>
        <subfield code='a'>RBCS</subfield>
      </datafield>
      <datafield ind1='0' ind2='0' tag='245'>
        <subfield code='6'>880-01</subfield>
        <subfield code='a'>Novaia niva</subfield>
        <subfield code='h'>[serial].</subfield>
      </datafield>
      <datafield ind1=' ' ind2='0' tag='264'>
        <subfield code='6'>880-02</subfield>
        <subfield code='a'>Riga :</subfield>
        <subfield code='b'>&quot;N. Niva, &quot;</subfield>
      </datafield>
      <datafield ind1='2' ind2='0' tag='264'>
        <subfield code='6'>880-03</subfield>
        <subfield code='3'>&lt;1927, no. 5-16&gt; :</subfield>
        <subfield code='a'>Paris :</subfield>
        <subfield code='b'>O.D. Strok</subfield>
      </datafield>
      <datafield ind1='3' ind2='0' tag='264'>
        <subfield code='3'>&lt;1927, no. 18-19&gt; :</subfield>
        <subfield code='a'>Rg :</subfield>
        <subfield code='b'>[publisher not identified]</subfield>
      </datafield>
      <datafield ind1=' ' ind2=' ' tag='300'>
        <subfield code='a'>volumes :</subfield>
        <subfield code='b'>illustrations, portraits ;</subfield>
        <subfield code='c'>32 cm</subfield>
      </datafield>
      <datafield ind1=' ' ind2=' ' tag='310'>
        <subfield code='a'>Weekly</subfield>
      </datafield>
      <datafield ind1=' ' ind2=' ' tag='336'>
        <subfield code='a'>text</subfield>
        <subfield code='b'>txt</subfield>
        <subfield code='2'>rdacontent</subfield>
      </datafield>
      <datafield ind1=' ' ind2=' ' tag='337'>
        <subfield code='a'>unmediated</subfield>
        <subfield code='b'>n</subfield>
        <subfield code='2'>rdamedia</subfield>
      </datafield>
      <datafield ind1=' ' ind2=' ' tag='338'>
        <subfield code='a'>volume</subfield>
        <subfield code='b'>nc</subfield>
        <subfield code='2'>rdacarrier</subfield>
      </datafield>
      <datafield ind1='1' ind2=' ' tag='362'>
        <subfield code='a'>Began with No. 1, published January 7, 1926; ceased with 1927, no. 31/32, published in December 1927.</subfield>
        <subfield code='z'>Cf. A izdavalos to v Rige 1918-1944 / IU. Abyzov.</subfield>
      </datafield>
      <datafield ind1=' ' ind2=' ' tag='500'>
        <subfield code='6'>880-04</subfield>
        <subfield code='a'>&quot;Illiustrirovanny zhurnal literatury, politiki i sovremenno zhizni&quot;; added subtitle, &lt;1927, no. 6-16&gt;: &quot;revue russe hebdomadaire &apos;Novaia Niva&apos;.&quot;</subfield>
      </datafield>
      <datafield ind1=' ' ind2=' ' tag='500'>
        <subfield code='6'>880-05</subfield>
        <subfield code='a'>Savine Collection copy of 1927, no. 8 bears inscription on caption: &quot;Dorogo odamlenno Poposhie i dorogomu Demianchiku--moim pupsikam--na dobruiu pamiat ot sestritsy-krasavitsy, to-is [illegible signature]. Fevral 1927-VI.&quot;</subfield>
      </datafield>
      <datafield ind1=' ' ind2=' ' tag='500'>
        <subfield code='a'>Savine Collection copy of 1927, no.13 bears name and address of former owner (Andr Savine&apos;s father?) on cover: &quot;Waldemar Savine, 100 avenue Ed. Vaillant, Billancourt (Seine).&quot;</subfield>
      </datafield>
      <datafield ind1=' ' ind2=' ' tag='500'>
        <subfield code='6'>880-06</subfield>
        <subfield code='a'>Several Savine Collection copies stitched together bear stamp of &quot;Biblioteka 80-go Ochaga M.P. g. Aner.&quot;</subfield>
      </datafield>
      <datafield ind1=' ' ind2=' ' tag='500'>
        <subfield code='a'>Archive Miscellaneous Materials (S5).</subfield>
      </datafield>
      <datafield ind1=' ' ind2=' ' tag='515'>
        <subfield code='a'>None published September-November 1927.</subfield>
      </datafield>
      <datafield ind1=' ' ind2=' ' tag='525'>
        <subfield code='a'>Has several supplements.</subfield>
      </datafield>
      <datafield ind1=' ' ind2=' ' tag='546'>
        <subfield code='a'>In Russian, with some stories translated from English.</subfield>
      </datafield>
      <datafield ind1='0' ind2=' ' tag='588'>
        <subfield code='6'>880-07</subfield>
        <subfield code='a'>Description based on: G. 2, no. 1 (1 ianvaria 1927); title from caption.</subfield>
      </datafield>
      <datafield ind1='1' ind2=' ' tag='588'>
        <subfield code='a'>Latest issue consulted: 2- god izdania, 1927, No 19.</subfield>
      </datafield>
      <datafield ind1=' ' ind2='0' tag='650'>
        <subfield code='a'>Russian literature</subfield>
        <subfield code='v'>Periodicals.</subfield>
      </datafield>
      <datafield ind1=' ' ind2='0' tag='650'>
        <subfield code='a'>Russians</subfield>
        <subfield code='z'>Foreign countries</subfield>
        <subfield code='v'>Periodicals.</subfield>
      </datafield>
      <datafield ind1=' ' ind2='0' tag='650'>
        <subfield code='a'>Arts, Russian</subfield>
        <subfield code='v'>Periodicals.</subfield>
      </datafield>
      <datafield ind1=' ' ind2='0' tag='650'>
        <subfield code='a'>Popular culture</subfield>
        <subfield code='v'>Periodicals.</subfield>
      </datafield>
      <datafield ind1=' ' ind2='7' tag='650'>
        <subfield code='a'>Civilization.</subfield>
        <subfield code='2'>fast</subfield>
        <subfield code='0'>(OCoLC)fst00862898</subfield>
      </datafield>
      <datafield ind1=' ' ind2='7' tag='650'>
        <subfield code='a'>Literature.</subfield>
        <subfield code='2'>fast</subfield>
        <subfield code='0'>(OCoLC)fst00999953</subfield>
      </datafield>
      <datafield ind1=' ' ind2='7' tag='655'>
        <subfield code='a'>Presentation copies (Provenance)</subfield>
        <subfield code='z'>France</subfield>
        <subfield code='y'>20th century.</subfield>
        <subfield code='2'>rbprov</subfield>
      </datafield>
      <datafield ind1=' ' ind2='7' tag='655'>
        <subfield code='a'>Stamps (Provenance)</subfield>
        <subfield code='z'>France</subfield>
        <subfield code='z'>Asnires-sur-Seine</subfield>
        <subfield code='y'>20th century.</subfield>
        <subfield code='2'>rbprov</subfield>
      </datafield>
      <datafield ind1=' ' ind2='7' tag='655'>
        <subfield code='a'>Library copies (Provenance)</subfield>
        <subfield code='z'>France</subfield>
        <subfield code='z'>Asnires-sur-Seine</subfield>
        <subfield code='y'>20th century.</subfield>
        <subfield code='2'>rbprov</subfield>
      </datafield>
      <datafield ind1=' ' ind2='7' tag='655'>
        <subfield code='a'>Russian migr literary periodicals.</subfield>
        <subfield code='2'>local</subfield>
      </datafield>
      <datafield ind1=' ' ind2='7' tag='655'>
        <subfield code='a'>Russian migr popular  periodicals.</subfield>
        <subfield code='2'>local</subfield>
      </datafield>
      <datafield ind1=' ' ind2='7' tag='655'>
        <subfield code='a'>Russian migr arts periodicals.</subfield>
        <subfield code='2'>local</subfield>
      </datafield>
      <datafield ind1=' ' ind2='7' tag='655'>
        <subfield code='a'>Russian migr humorous periodicals.</subfield>
        <subfield code='2'>local</subfield>
      </datafield>
      <datafield ind1=' ' ind2='7' tag='655'>
        <subfield code='a'>Periodicals.</subfield>
        <subfield code='2'>fast</subfield>
        <subfield code='0'>(OCoLC)fst01411641</subfield>
      </datafield>
      <datafield ind1=' ' ind2='7' tag='655'>
        <subfield code='a'>Advertisements.</subfield>
        <subfield code='2'>rbgenr</subfield>
      </datafield>
      <datafield ind1='2' ind2=' ' tag='710'>
        <subfield code='a'>Andr Savine Collection (University of North Carolina at Chapel Hill)</subfield>
      </datafield>
      <datafield ind1='0' ind2=' ' tag='740'>
        <subfield code='a'>Andr Savine Collection.</subfield>
      </datafield>
      <datafield ind1='0' ind2='8' tag='776'>
        <subfield code='6'>880-08</subfield>
        <subfield code='i'>Online version:</subfield>
        <subfield code='t'>Novaia niva</subfield>
        <subfield code='w'>(OCoLC)762226499</subfield>
      </datafield>
      <datafield ind1='0' ind2='0' tag='880'>
        <subfield code='6'>245-01</subfield>
        <subfield code='a'> .</subfield>
      </datafield>
      <datafield ind1=' ' ind2='0' tag='880'>
        <subfield code='6'>264-02</subfield>
        <subfield code='a'> :</subfield>
        <subfield code='b'>&quot;. , &quot;</subfield>
      </datafield>
      <datafield ind1='2' ind2='0' tag='880'>
        <subfield code='6'>264-03</subfield>
        <subfield code='3'>&lt;1927, n. 5-16&gt; :</subfield>
        <subfield code='a'>Paris :</subfield>
        <subfield code='b'>.. </subfield>
      </datafield>
      <datafield ind1=' ' ind2=' ' tag='880'>
        <subfield code='6'>500-04</subfield>
        <subfield code='a'>&quot;  ,    &quot;; added subtitle, &lt;1927, no. 6-16&gt;: &quot;revue russe hebdomadaire &apos;Novaia Niva&apos;.&quot;</subfield>
      </datafield>
      <datafield ind1=' ' ind2=' ' tag='880'>
        <subfield code='6'>500-05</subfield>
        <subfield code='a'>Savine Collection copy of 1927, no. 8 bears inscription on caption: &quot;     -- --    -, - [illegible signature].  1927-VI.&quot;</subfield>
      </datafield>
      <datafield ind1=' ' ind2=' ' tag='880'>
        <subfield code='6'>500-06</subfield>
        <subfield code='a'>Several Savine Collection copies stitched together bear stamp of &quot; 80-  .. . .&quot;</subfield>
      </datafield>
      <datafield ind1='0' ind2=' ' tag='880'>
        <subfield code='6'>588-07</subfield>
        <subfield code='a'>Description based on: . 2, n. 1 (1  1927); title from caption.</subfield>
      </datafield>
      <datafield ind1='0' ind2='8' tag='880'>
        <subfield code='6'>776-08</subfield>
        <subfield code='i'>Online version:</subfield>
        <subfield code='t'> </subfield>
        <subfield code='w'>(OCoLC)762226499</subfield>
      </datafield>
      <datafield ind1=' ' ind2=' ' tag='907'>
        <subfield code='a'>b8428292</subfield>
      </datafield>
      <datafield ind1='9' ind2='1' tag='999'>
        <subfield code='i'>i10956492</subfield>
        <subfield code='l'>wcsa</subfield>
        <subfield code='s'>o</subfield>
        <subfield code='t'>3</subfield>
        <subfield code='c'>1</subfield>
        <subfield code='o'>0</subfield>
        <subfield code='b'>00049041419</subfield>
        <subfield code='p'>090##</subfield>
        <subfield code='q'>|aAP50|b.N678</subfield>
        <subfield code='v'>1927: no.6, 8, 12-19; c.2: no.6, 13, 17</subfield>
      </datafield>
      <datafield ind1='9' ind2='2' tag='999'>
        <subfield code='a'>c5078981</subfield>
        <subfield code='b'>wcsa</subfield>
        <subfield code='c'>0</subfield>
      </datafield>
      <datafield ind1='9' ind2='3' tag='999'>
        <subfield code='0'>c5078981</subfield>
        <subfield code='2'>852</subfield>
        <subfield code='3'>c</subfield>
        <subfield code='h'>AP50</subfield>
        <subfield code='i'>.N678</subfield>
      </datafield>
      <datafield ind1='9' ind2='3' tag='999'>
        <subfield code='0'>c5078981</subfield>
        <subfield code='2'>853</subfield>
        <subfield code='3'>y</subfield>
        <subfield code='8'>1</subfield>
        <subfield code='a'>(year)</subfield>
        <subfield code='b'>no.</subfield>
      </datafield>
      <datafield ind1='9' ind2='3' tag='999'>
        <subfield code='0'>c5078981</subfield>
        <subfield code='2'>863</subfield>
        <subfield code='3'>h</subfield>
        <subfield code='8'>1.1</subfield>
        <subfield code='a'>1927</subfield>
        <subfield code='b'>6</subfield>
        <subfield code='w'>g</subfield>
      </datafield>
      <datafield ind1='9' ind2='3' tag='999'>
        <subfield code='0'>c5078981</subfield>
        <subfield code='2'>863</subfield>
        <subfield code='3'>h</subfield>
        <subfield code='8'>1.2</subfield>
        <subfield code='a'>1927</subfield>
        <subfield code='b'>8</subfield>
        <subfield code='w'>g</subfield>
      </datafield>
      <datafield ind1='9' ind2='3' tag='999'>
        <subfield code='0'>c5078981</subfield>
        <subfield code='2'>863</subfield>
        <subfield code='3'>h</subfield>
        <subfield code='8'>1.3</subfield>
        <subfield code='a'>1927</subfield>
        <subfield code='b'>12-19</subfield>
      </datafield>
      <datafield ind1='0' ind2='0' tag='999'>
        <subfield code='a'>2016-02-29 00:00:00-05</subfield>
        <subfield code='c'>2016-02-29 12:28:13-05</subfield>
        <subfield code='u'>2017-12-01 11:50:14-05</subfield>
      </datafield>
  </record>